<?xml version="1.0" encoding="UTF-8"?>

<OAI-PMH xmlns="http://www.openarchives.org/OAI/2.0/" xmlns:xsi="http://www.w3.org/2001/XMLSchema-instance" xsi:schemaLocation="http://www.openarchives.org/OAI/2.0/ http://www.openarchives.org/OAI/2.0/OAI-PMH.xsd">
  <responseDate>2019-01-17T20:46:54.055-05:00</responseDate>
  <request verb="ListRecords">https://www.icpsr.umich.edu/icpsrweb/ICPSR/oai/studies</request>
  <ListRecords>
    <record>
      <header>
        <identifier>2878</identifier>
        <datestamp>2008-04-18T01:01:01Z</datestamp>
      </header>
      <metadata>
        <collection xmlns="http://www.loc.gov/MARC21/slim" xsi:schemaLocation="http://www.loc.gov/MARC21/slim https://www.loc.gov/standards/marcxml/schema/MARC21slim.xsd">
          <record>
            <leader>cmm 22 4500</leader>
            <controlfield tag="001">ICPSR02878</controlfield>
            <controlfield tag="003">MiAaI</controlfield>
            <controlfield tag="006">m f a u</controlfield>
            <controlfield tag="007">cr mn mmmmuuuu</controlfield>
            <controlfield tag="008">190117s2001 miu f a eng d</controlfield>
            <datafield tag="035" ind1=" " ind2=" ">
              <subfield code="a">(MiAaI)ICPSR02878</subfield>
            </datafield>
            <datafield tag="040" ind1=" " ind2=" ">
              <subfield code="a">MiAaI</subfield>
              <subfield code="c">MiAaI</subfield>
            </datafield>
            <datafield tag="245" ind1="0" ind2="0">
              <subfield code="a">Use of Computerized Crime Mapping by Law Enforcement in the United States, 1997-1998</subfield>
              <subfield code="h">[electronic resource]</subfield>
              <subfield code="c">Cynthia A. Mamalian, Nancy G. LaVigne, Elizabeth Groff</subfield>
            </datafield>
            <datafield tag="250" ind1=" " ind2=" ">
              <subfield code="a">2008-04-18</subfield>
            </datafield>
            <datafield tag="260" ind1=" " ind2=" ">
              <subfield code="a">Ann Arbor, Mich.</subfield>
              <subfield code="b">Inter-university Consortium for Political and Social Research [distributor]</subfield>
              <subfield code="c">2001</subfield>
            </datafield>
            <datafield tag="490" ind1=" " ind2=" ">
              <subfield code="a">ICPSR</subfield>
              <subfield code="v">2878</subfield>
            </datafield>
            <datafield tag="516" ind1=" " ind2=" ">
              <subfield code="a">Numeric</subfield>
            </datafield>
            <datafield tag="538" ind1=" " ind2=" ">
              <subfield code="a">Mode of access: Intranet.</subfield>
            </datafield>
            <datafield tag="500" ind1=" " ind2=" ">
              <subfield code="a">Title from ICPSR DDI metadata of 2019-01-17.</subfield>
            </datafield>
            <datafield tag="536" ind1=" " ind2=" ">
              <subfield code="a">United States Department of Justice. Office of Justice Programs. National Institute of Justice</subfield>
            </datafield>
            <datafield tag="506" ind1=" " ind2=" ">
              <subfield code="a">AVAILABLE. This study is freely available to the general public.</subfield>
            </datafield>
            <datafield tag="530" ind1=" " ind2=" ">
              <subfield code="a">Also available as downloadable files.</subfield>
            </datafield>
            <datafield tag="522" ind1=" " ind2=" ">
              <subfield code="a">United States</subfield>
            </datafield>
            <datafield tag="520" ind1="3" ind2=" ">
              <subfield code="a">As a first step in understanding law enforcement agencies' use and knowledge of crime mapping, the Crime Mapping Research Center (CMRC) of the National Institute of Justice conducted a nationwide survey to determine which agencies were using geographic information systems (GIS), how they were using them, and, among agencies that were not using GIS, the reasons for that choice. Data were gathered using a survey instrument developed by National Institute of Justice staff, reviewed by practitioners and researchers with crime mapping knowledge, and approved by the Office of Management and Budget. The survey was mailed in March 1997 to a sample of law enforcement agencies in the United States. Surveys were accepted until May 1, 1998. Questions asked of all respondents included type of agency, population of community, number of personnel, types of crimes for which the agency kept incident-based records, types of crime analyses conducted, and whether the agency performed computerized crime mapping. Those agencies that reported using computerized crime mapping were asked which staff conducted the mapping, types of training their staff received in mapping, types of software and computers used, whether the agency used a global positioning system, types of data geocoded and mapped, types of spatial analyses performed and how often, use of hot spot analyses, how mapping results were used, how maps were maintained, whether the department kept an archive of geocoded data, what external data sources were used, whether the agency collaborated with other departments, what types of Department of Justice training would benefit the agency, what problems the agency had encountered in implementing mapping, and which external sources had funded crime mapping at the agency. Departments that reported no use of computerized crime mapping were asked why that was the case, whether they used electronic crime data, what types of software they used, and what types of Department of Justice training would benefit their agencies.Cf: http://doi.org/10.3886/ICPSR02878.v3</subfield>
            </datafield>
            <datafield tag="505" ind1=" " ind2=" ">
              <subfield code="t">Dataset</subfield>
            </datafield>
            <datafield tag="567" ind1=" " ind2=" ">
              <subfield code="a">All law enforcement agencies in the United States.</subfield>
            </datafield>
            <datafield tag="650" ind1=" " ind2="7">
              <subfield code="a">crime mapping</subfield>
              <subfield code="2">icpsr</subfield>
            </datafield>
            <datafield tag="650" ind1=" " ind2="7">
              <subfield code="a">geographic information systems</subfield>
              <subfield code="2">icpsr</subfield>
            </datafield>
            <datafield tag="650" ind1=" " ind2="7">
              <subfield code="a">information use</subfield>
              <subfield code="2">icpsr</subfield>
            </datafield>
            <datafield tag="650" ind1=" " ind2="7">
              <subfield code="a">law enforcement agencies</subfield>
              <subfield code="2">icpsr</subfield>
            </datafield>
            <datafield tag="653" ind1="0" ind2=" ">
              <subfield code="a">ICPSR XVII.E. Social Institutions and Behavior, Crime and the Criminal Justice System</subfield>
            </datafield>
            <datafield tag="653" ind1="0" ind2=" ">
              <subfield code="a">NACJD IX. Police</subfield>
            </datafield>
            <datafield tag="700" ind1="2" ind2=" ">
              <subfield code="a">Mamalian, Cynthia A.</subfield>
              <subfield code="u">United States Department of Justice. National Institute of Justice. Crime Mapping Research Center</subfield>
            </datafield>
            <datafield tag="700" ind1="2" ind2=" ">
              <subfield code="a">LaVigne, Nancy G.</subfield>
              <subfield code="u">United States Department of Justice. National Institute of Justice. Crime Mapping Research Center</subfield>
            </datafield>
            <datafield tag="700" ind1="2" ind2=" ">
              <subfield code="a">Groff, Elizabeth</subfield>
              <subfield code="u">United States Department of Justice. National Institute of Justice. Crime Mapping Research Center</subfield>
            </datafield>
            <datafield tag="710" ind1="2" ind2=" ">
              <subfield code="a">Inter-university Consortium for Political and Social Research.</subfield>
            </datafield>
            <datafield tag="830" ind1=" " ind2="0">
              <subfield code="a">ICPSR (Series)</subfield>
              <subfield code="v">2878</subfield>
            </datafield>
            <datafield tag="856" ind1="4" ind2="0">
              <subfield code="z">Access restricted ; authentication may be required:</subfield>
              <subfield code="u">http://doi.org/10.3886/ICPSR02878.v3</subfield>
            </datafield>
          </record>
        </collection>
      </metadata>
    </record>