
    <record>
      <header>
        <identifier>2887</identifier>
        <datestamp>2006-03-30T01:01:01Z</datestamp>
      </header>
      <metadata>
        <collection xmlns="http://www.loc.gov/MARC21/slim" xsi:schemaLocation="http://www.loc.gov/MARC21/slim https://www.loc.gov/standards/marcxml/schema/MARC21slim.xsd">
          <record>
            <leader>cmm 22 4500</leader>
            <controlfield tag="001">ICPSR02887</controlfield>
            <controlfield tag="003">MiAaI</controlfield>
            <controlfield tag="006">m f a u</controlfield>
            <controlfield tag="007">cr mn mmmmuuuu</controlfield>
            <controlfield tag="008">190117s2003 miu f a eng d</controlfield>
            <datafield tag="035" ind1=" " ind2=" ">
              <subfield code="a">(MiAaI)ICPSR02887</subfield>
            </datafield>
            <datafield tag="040" ind1=" " ind2=" ">
              <subfield code="a">MiAaI</subfield>
              <subfield code="c">MiAaI</subfield>
            </datafield>
            <datafield tag="245" ind1="0" ind2="0">
              <subfield code="a">Process Evaluation of the Residential Substance Abuse Treatment (RSAT) Program at the W.J. Maxey Boys Training School in Michigan, 1995-1998</subfield>
              <subfield code="h">[electronic resource]</subfield>
              <subfield code="c">William C. Birdsall, Maureen Okasinski</subfield>
            </datafield>
            <datafield tag="250" ind1=" " ind2=" ">
              <subfield code="a">2006-03-30</subfield>
            </datafield>
            <datafield tag="260" ind1=" " ind2=" ">
              <subfield code="a">Ann Arbor, Mich.</subfield>
              <subfield code="b">Inter-university Consortium for Political and Social Research [distributor]</subfield>
              <subfield code="c">2003</subfield>
            </datafield>
            <datafield tag="490" ind1=" " ind2=" ">
              <subfield code="a">ICPSR</subfield>
              <subfield code="v">2887</subfield>
            </datafield>
            <datafield tag="516" ind1=" " ind2=" ">
              <subfield code="a">Numeric</subfield>
            </datafield>
            <datafield tag="538" ind1=" " ind2=" ">
              <subfield code="a">Mode of access: Intranet.</subfield>
            </datafield>
            <datafield tag="500" ind1=" " ind2=" ">
              <subfield code="a">Title from ICPSR DDI metadata of 2019-01-17.</subfield>
            </datafield>
            <datafield tag="536" ind1=" " ind2=" ">
              <subfield code="a">United States Department of Justice. Office of Justice Programs. National Institute of Justice</subfield>
              <subfield code="c">97-RT-VX-K008</subfield>
            </datafield>
            <datafield tag="506" ind1=" " ind2=" ">
              <subfield code="a">AVAILABLE. This study is freely available to the general public.</subfield>
            </datafield>
            <datafield tag="530" ind1=" " ind2=" ">
              <subfield code="a">Also available as downloadable files.</subfield>
            </datafield>
            <datafield tag="522" ind1=" " ind2=" ">
              <subfield code="a">United States</subfield>
            </datafield>
            <datafield tag="522" ind1=" " ind2=" ">
              <subfield code="a">Michigan</subfield>
            </datafield>
            <datafield tag="520" ind1="3" ind2=" ">
              <subfield code="a">This study was an evaluation of a Residential Substance Abuse Treatment (RSAT) program intended to reduce substance abuse and recidivism among youth placed at the W.J. Maxey Boys Training School in Michigan. The purposes of the evaluation were to describe the activities of the RSAT program and the relationship between program participants and success in the new program. There were five primary evaluation questions: (1) Were the participants appropriate? (2) Was the staff trained to deliver the planned services? (3) How did service delivery vary over time? (4) Did the participants make timely progress? and (5) What organizational factors changed service delivery and participant progress? Residents were admitted to the RSAT program and its comparison group on the basis of three criteria: (1) the resident was not a sex offender, (2) he had a known substance abuse history, and (3) he was expected to be released within one year. Youth in the RSAT program underwent intensive substance abuse psycho-education and relapse prevention in addition to the treatment provided in the Maxey Model. Intake data from the Family Independence Agency Information System (Part 1) were gathered for youths who entered Maxey between 1995 and 1998. These data were used to determine if significant differences existed between the RSAT and comparison groups. Additional data were collected through a client survey (Parts 2 and 3), which included questions that evaluated youth satisfaction with services and their predictions for success. Variables in Part 1 include program admission date, whether the youth was a sex offender, substance abuse history, the group and wing to which the youth belonged, age of first offense, age of admission to Maxey, offense class, number of arrests, number of previous placements, number of truancies, legal status, and date of first and second offense. Demographic variables include race, age, marital status, and county. Variables in Parts 2 and 3 assess the youth's opinions about school, food, group sessions, hall staff, family sessions, family visits, the overall program at Maxey, teachers, police, and judges. Additional variables include last grade of school completed, expected educational goal upon leaving Maxey, family substance abuse history, and prevalence of substance abuse in neighborhood.Cf: http://doi.org/10.3886/ICPSR02887.v1</subfield>
            </datafield>
            <datafield tag="505" ind1=" " ind2=" ">
              <subfield code="t">Intake Data</subfield>
            </datafield>
            <datafield tag="505" ind1=" " ind2=" ">
              <subfield code="t">Survey One Data</subfield>
            </datafield>
            <datafield tag="505" ind1=" " ind2=" ">
              <subfield code="t">Survey Two Data</subfield>
            </datafield>
            <datafield tag="567" ind1=" " ind2=" ">
              <subfield code="a">Male youths with substance abuse problems at the W.J. Maxey Boys Training School in Michigan.</subfield>
            </datafield>
            <datafield tag="650" ind1=" " ind2="7">
              <subfield code="a">correctional facilities</subfield>
              <subfield code="2">icpsr</subfield>
            </datafield>
            <datafield tag="650" ind1=" " ind2="7">
              <subfield code="a">drug abuse</subfield>
              <subfield code="2">icpsr</subfield>
            </datafield>
            <datafield tag="650" ind1=" " ind2="7">
              <subfield code="a">process evaluation</subfield>
              <subfield code="2">icpsr</subfield>
            </datafield>
            <datafield tag="650" ind1=" " ind2="7">
              <subfield code="a">recidivism</subfield>
              <subfield code="2">icpsr</subfield>
            </datafield>
            <datafield tag="650" ind1=" " ind2="7">
              <subfield code="a">residential programs</subfield>
              <subfield code="2">icpsr</subfield>
            </datafield>
            <datafield tag="650" ind1=" " ind2="7">
              <subfield code="a">substance abuse</subfield>
              <subfield code="2">icpsr</subfield>
            </datafield>
            <datafield tag="650" ind1=" " ind2="7">
              <subfield code="a">substance abuse treatment</subfield>
              <subfield code="2">icpsr</subfield>
            </datafield>
            <datafield tag="650" ind1=" " ind2="7">
              <subfield code="a">treatment outcomes</subfield>
              <subfield code="2">icpsr</subfield>
            </datafield>
            <datafield tag="650" ind1=" " ind2="7">
              <subfield code="a">treatment programs</subfield>
              <subfield code="2">icpsr</subfield>
            </datafield>
            <datafield tag="653" ind1="0" ind2=" ">
              <subfield code="a">NACJD XI. Drugs, Alcohol, and Crime</subfield>
            </datafield>
            <datafield tag="653" ind1="0" ind2=" ">
              <subfield code="a">ICPSR XVII.E. Social Institutions and Behavior, Crime and the Criminal Justice System</subfield>
            </datafield>
            <datafield tag="653" ind1="0" ind2=" ">
              <subfield code="a">NACJD XXII. Recidivism</subfield>
            </datafield>
            <datafield tag="700" ind1="2" ind2=" ">
              <subfield code="a">Birdsall, William C.</subfield>
              <subfield code="u">University of Michigan, School of Social Work</subfield>
            </datafield>
            <datafield tag="700" ind1="2" ind2=" ">
              <subfield code="a">Okasinski, Maureen</subfield>
              <subfield code="u">University of Michigan, School of Social Work</subfield>
            </datafield>
            <datafield tag="710" ind1="2" ind2=" ">
              <subfield code="a">Inter-university Consortium for Political and Social Research.</subfield>
            </datafield>
            <datafield tag="830" ind1=" " ind2="0">
              <subfield code="a">ICPSR (Series)</subfield>
              <subfield code="v">2887</subfield>
            </datafield>
            <datafield tag="856" ind1="4" ind2="0">
              <subfield code="z">Access restricted ; authentication may be required:</subfield>
              <subfield code="u">http://doi.org/10.3886/ICPSR02887.v1</subfield>
            </datafield>
          </record>
        </collection>
      </metadata>
    </record>