
    <record>
      <header>
        <identifier>2888</identifier>
        <datestamp>2006-01-18T01:01:01Z</datestamp>
      </header>
      <metadata>
        <collection xmlns="http://www.loc.gov/MARC21/slim" xsi:schemaLocation="http://www.loc.gov/MARC21/slim https://www.loc.gov/standards/marcxml/schema/MARC21slim.xsd">
          <record>
            <leader>cmm 22 4500</leader>
            <controlfield tag="001">ICPSR02888</controlfield>
            <controlfield tag="003">MiAaI</controlfield>
            <controlfield tag="006">m f a u</controlfield>
            <controlfield tag="007">cr mn mmmmuuuu</controlfield>
            <controlfield tag="008">190117s2003 miu f a eng d</controlfield>
            <datafield tag="035" ind1=" " ind2=" ">
              <subfield code="a">(MiAaI)ICPSR02888</subfield>
            </datafield>
            <datafield tag="040" ind1=" " ind2=" ">
              <subfield code="a">MiAaI</subfield>
              <subfield code="c">MiAaI</subfield>
            </datafield>
            <datafield tag="245" ind1="0" ind2="0">
              <subfield code="a">Evaluation of the Residential Substance Abuse Treatment (RSAT) Program at the Southern New Mexico Correctional Facility, 1997-1998</subfield>
              <subfield code="h">[electronic resource]</subfield>
              <subfield code="c">Paul Guerin, Robert Hyde, Mitzi Wyatt</subfield>
            </datafield>
            <datafield tag="250" ind1=" " ind2=" ">
              <subfield code="a">2006-01-18</subfield>
            </datafield>
            <datafield tag="260" ind1=" " ind2=" ">
              <subfield code="a">Ann Arbor, Mich.</subfield>
              <subfield code="b">Inter-university Consortium for Political and Social Research [distributor]</subfield>
              <subfield code="c">2003</subfield>
            </datafield>
            <datafield tag="490" ind1=" " ind2=" ">
              <subfield code="a">ICPSR</subfield>
              <subfield code="v">2888</subfield>
            </datafield>
            <datafield tag="516" ind1=" " ind2=" ">
              <subfield code="a">Numeric</subfield>
            </datafield>
            <datafield tag="538" ind1=" " ind2=" ">
              <subfield code="a">Mode of access: Intranet.</subfield>
            </datafield>
            <datafield tag="500" ind1=" " ind2=" ">
              <subfield code="a">Title from ICPSR DDI metadata of 2019-01-17.</subfield>
            </datafield>
            <datafield tag="536" ind1=" " ind2=" ">
              <subfield code="a">United States Department of Justice. Office of Justice Programs. National Institute of Justice</subfield>
              <subfield code="c">1997-RT-VX-K002</subfield>
            </datafield>
            <datafield tag="506" ind1=" " ind2=" ">
              <subfield code="a">AVAILABLE. This study is freely available to the general public.</subfield>
            </datafield>
            <datafield tag="530" ind1=" " ind2=" ">
              <subfield code="a">Also available as downloadable files.</subfield>
            </datafield>
            <datafield tag="522" ind1=" " ind2=" ">
              <subfield code="a">United States</subfield>
            </datafield>
            <datafield tag="522" ind1=" " ind2=" ">
              <subfield code="a">New Mexico</subfield>
            </datafield>
            <datafield tag="520" ind1="3" ind2=" ">
              <subfield code="a">The goal for this study was to conduct a process evaluation of the Residential Substance Abuse Treatment (RSAT) program, called the Genesis program, at the Southern New Mexico Correctional Facility (SNMCD) by examining the program's structure and assessing its intermediate impact upon participating inmates. The study focuses on answering three research questions: (1) Who were the program participants? (2) What were the characteristics of the program? (3) Was the program reaching the most appropriate offenders, or were its participants primarily offenders who were not likely to become recidivists? The study contains information on every inmate who entered the Genesis program from July 31, 1997, to July 31, 1998. For evaluation purposes, the researchers designed their own data collection form which they used to collect relevant information from each participant's treatment program file. Each participant's file was maintained by Genesis program staff and was kept for the duration each inmate was in the program. From each program participant at intake, using the data collection instrument, the researchers collected demographic information, substance abuse history, and criminal history. The data are provided in two parts. Both parts are from the same data collection instrument. Part 1 covers Questions 1 through 15 of the data collection instrument, while Part 2 covers Questions 16 through 34 of the data collection instrument. Part 1 includes demographic variables about the inmate such as birth date, age, ethnicity, citizenship, years of education, prior employment status, longest employment, and average weekly income. It also includes incarceration information such as confinement date, length of current sentence, RSAT admission date, and expected parole date, and criminal history information such as age at first adult arrest, number of juvenile arrests, number of adult arrests, date of first adult arrest, date of last adult arrest, and number of years served in prison. There are also variables to address the inmate's drug use history as a juvenile and as an adult. Part 2 continues with the drug use history of the inmate as an adult with information about drugs used by IV injection, number of alcohol withdrawals, number of drug overdoses, number of detoxes, inpatient treatment received, outpatient treatment received, average amount of money spent on drugs, percentage of income spent on drugs, number of family members who use alcohol or drugs, and how they were related to the inmate. In addition, the file contains demographic information, such as current marital status and number of children, and the inmate's psychological history including depression, anxiety, anger, trouble understanding, concentrating, or remembering, attempted suicide, prescribed medication, and hospitalization. Criminal career variables include length of criminal career, all past charges, weapons used during any crime, number of times a weapon was used, and total number of convictions.Cf: http://doi.org/10.3886/ICPSR02888.v1</subfield>
            </datafield>
            <datafield tag="505" ind1=" " ind2=" ">
              <subfield code="t">Data, Questions 1-15</subfield>
            </datafield>
            <datafield tag="505" ind1=" " ind2=" ">
              <subfield code="t">Data, Questions 16-34</subfield>
            </datafield>
            <datafield tag="567" ind1=" " ind2=" ">
              <subfield code="a">Inmates who entered the Genesis program between July 31, 1997 and July 31, 1998.</subfield>
            </datafield>
            <datafield tag="650" ind1=" " ind2="7">
              <subfield code="a">addiction</subfield>
              <subfield code="2">icpsr</subfield>
            </datafield>
            <datafield tag="650" ind1=" " ind2="7">
              <subfield code="a">correctional facilities</subfield>
              <subfield code="2">icpsr</subfield>
            </datafield>
            <datafield tag="650" ind1=" " ind2="7">
              <subfield code="a">drug use</subfield>
              <subfield code="2">icpsr</subfield>
            </datafield>
            <datafield tag="650" ind1=" " ind2="7">
              <subfield code="a">inmate programs</subfield>
              <subfield code="2">icpsr</subfield>
            </datafield>
            <datafield tag="650" ind1=" " ind2="7">
              <subfield code="a">outcome evaluation</subfield>
              <subfield code="2">icpsr</subfield>
            </datafield>
            <datafield tag="650" ind1=" " ind2="7">
              <subfield code="a">process evaluation</subfield>
              <subfield code="2">icpsr</subfield>
            </datafield>
            <datafield tag="650" ind1=" " ind2="7">
              <subfield code="a">recidivism</subfield>
              <subfield code="2">icpsr</subfield>
            </datafield>
            <datafield tag="650" ind1=" " ind2="7">
              <subfield code="a">residential programs</subfield>
              <subfield code="2">icpsr</subfield>
            </datafield>
            <datafield tag="650" ind1=" " ind2="7">
              <subfield code="a">substance abuse</subfield>
              <subfield code="2">icpsr</subfield>
            </datafield>
            <datafield tag="650" ind1=" " ind2="7">
              <subfield code="a">substance abuse treatment</subfield>
              <subfield code="2">icpsr</subfield>
            </datafield>
            <datafield tag="650" ind1=" " ind2="7">
              <subfield code="a">treatment outcomes</subfield>
              <subfield code="2">icpsr</subfield>
            </datafield>
            <datafield tag="653" ind1="0" ind2=" ">
              <subfield code="a">NAHDAP I. National Addiction and HIV Data Archive Program</subfield>
            </datafield>
            <datafield tag="653" ind1="0" ind2=" ">
              <subfield code="a">NACJD XXII. Recidivism</subfield>
            </datafield>
            <datafield tag="653" ind1="0" ind2=" ">
              <subfield code="a">ICPSR XVII.E. Social Institutions and Behavior, Crime and the Criminal Justice System</subfield>
            </datafield>
            <datafield tag="653" ind1="0" ind2=" ">
              <subfield code="a">NACJD XI. Drugs, Alcohol, and Crime</subfield>
            </datafield>
            <datafield tag="700" ind1="2" ind2=" ">
              <subfield code="a">Guerin, Paul</subfield>
              <subfield code="u">University of New Mexico. Institute of Social Research</subfield>
            </datafield>
            <datafield tag="700" ind1="2" ind2=" ">
              <subfield code="a">Hyde, Robert</subfield>
              <subfield code="u">University of New Mexico. Institute of Social Research</subfield>
            </datafield>
            <datafield tag="700" ind1="2" ind2=" ">
              <subfield code="a">Wyatt, Mitzi</subfield>
              <subfield code="u">University of New Mexico. Institute of Social Research</subfield>
            </datafield>
            <datafield tag="710" ind1="2" ind2=" ">
              <subfield code="a">Inter-university Consortium for Political and Social Research.</subfield>
            </datafield>
            <datafield tag="830" ind1=" " ind2="0">
              <subfield code="a">ICPSR (Series)</subfield>
              <subfield code="v">2888</subfield>
            </datafield>
            <datafield tag="856" ind1="4" ind2="0">
              <subfield code="z">Access restricted ; authentication may be required:</subfield>
              <subfield code="u">http://doi.org/10.3886/ICPSR02888.v1</subfield>
            </datafield>
          </record>
        </collection>
      </metadata>
    </record>