
    <record>
      <header>
        <identifier>2890</identifier>
        <datestamp>2001-04-12T01:01:01Z</datestamp>
      </header>
      <metadata>
        <collection xmlns="http://www.loc.gov/MARC21/slim" xsi:schemaLocation="http://www.loc.gov/MARC21/slim https://www.loc.gov/standards/marcxml/schema/MARC21slim.xsd">
          <record>
            <leader>cmm 22 4500</leader>
            <controlfield tag="001">ICPSR02890</controlfield>
            <controlfield tag="003">MiAaI</controlfield>
            <controlfield tag="006">m f a u</controlfield>
            <controlfield tag="007">cr mn mmmmuuuu</controlfield>
            <controlfield tag="008">190117s2001 miu f a eng d</controlfield>
            <datafield tag="035" ind1=" " ind2=" ">
              <subfield code="a">(MiAaI)ICPSR02890</subfield>
            </datafield>
            <datafield tag="040" ind1=" " ind2=" ">
              <subfield code="a">MiAaI</subfield>
              <subfield code="c">MiAaI</subfield>
            </datafield>
            <datafield tag="245" ind1="0" ind2="0">
              <subfield code="a">Experiment to Enhance the Reporting of Drug Use by Arrestees in Cleveland, Detroit, and Houston, 1997</subfield>
              <subfield code="h">[electronic resource]</subfield>
              <subfield code="c">Eric D., Wish, Thomas Gray, Jonathan Sushinsky</subfield>
            </datafield>
            <datafield tag="250" ind1=" " ind2=" ">
              <subfield code="a">2001-04-12</subfield>
            </datafield>
            <datafield tag="260" ind1=" " ind2=" ">
              <subfield code="a">Ann Arbor, Mich.</subfield>
              <subfield code="b">Inter-university Consortium for Political and Social Research [distributor]</subfield>
              <subfield code="c">2001</subfield>
            </datafield>
            <datafield tag="490" ind1=" " ind2=" ">
              <subfield code="a">ICPSR</subfield>
              <subfield code="v">2890</subfield>
            </datafield>
            <datafield tag="516" ind1=" " ind2=" ">
              <subfield code="a">Numeric</subfield>
            </datafield>
            <datafield tag="538" ind1=" " ind2=" ">
              <subfield code="a">Mode of access: Intranet.</subfield>
            </datafield>
            <datafield tag="500" ind1=" " ind2=" ">
              <subfield code="a">Title from ICPSR DDI metadata of 2019-01-17.</subfield>
            </datafield>
            <datafield tag="536" ind1=" " ind2=" ">
              <subfield code="a">United States Department of Justice. Office of Justice Programs. National Institute of Justice</subfield>
              <subfield code="c">94-IJ-CX-K002</subfield>
            </datafield>
            <datafield tag="506" ind1=" " ind2=" ">
              <subfield code="a">AVAILABLE. This study is freely available to the general public.</subfield>
            </datafield>
            <datafield tag="530" ind1=" " ind2=" ">
              <subfield code="a">Also available as downloadable files.</subfield>
            </datafield>
            <datafield tag="522" ind1=" " ind2=" ">
              <subfield code="a">Cleveland</subfield>
            </datafield>
            <datafield tag="522" ind1=" " ind2=" ">
              <subfield code="a">Detroit</subfield>
            </datafield>
            <datafield tag="522" ind1=" " ind2=" ">
              <subfield code="a">Houston</subfield>
            </datafield>
            <datafield tag="522" ind1=" " ind2=" ">
              <subfield code="a">Michigan</subfield>
            </datafield>
            <datafield tag="522" ind1=" " ind2=" ">
              <subfield code="a">Ohio</subfield>
            </datafield>
            <datafield tag="522" ind1=" " ind2=" ">
              <subfield code="a">Texas</subfield>
            </datafield>
            <datafield tag="522" ind1=" " ind2=" ">
              <subfield code="a">United States</subfield>
            </datafield>
            <datafield tag="520" ind1="3" ind2=" ">
              <subfield code="a">This project involved an experiment conducted in three Drug Use Forecasting (DUF) [DRUG USE FORECASTING IN 24 CITIES IN THE UNITED STATES, 1987-1997 (ICPSR 9477)] program sites to determine whether using a more detailed informed consent procedure and/or altering the sequence of the interview and urine specimen collection could enhance the validity of arrestees' self-reports of drug use without adversely affecting study response rates. A 2x2 factorial design was used to assess the effects of the two manipulations. The first two experimental conditions involved administering either the standard DUF informed consent or an enhanced consent that told the arrestees more about the confidential nature of the research and the capabilities of urinalysis. The second two conditions involved collecting the urine specimen either before or after the interview was administered. The experiment included 2,015 adult arrestees from Cleveland, Ohio, Detroit, Michigan, and Houston, Texas, who were randomly assigned to one of the four experimental conditions. The experiment was designed so that the only variability across the interviews was the manipulation of informed consent and the sequencing of the urine specimen request. All other procedures of a standard DUF collection were followed. Data were collected in Cleveland between July 8 and August 22, 1997, in Detroit from August 4 to September 27, 1997, and in Houston from October 17 to November 1, 1997. Variables specific to this project include the experimental condition to which the respondent was assigned, follow-up questions asking whether the arrestee would have responded differently if assigned to the other conditions, and several dummy variables on length and type of drug use. Data from the DUF interview provided detailed information about each arrestee's self-reported use of 15 drugs. For each drug type, arrestees were asked whether they had ever used the drug, the age at which they first used the drug, whether they had used the drug within the past three days, how many days they had used the drug within the past month, whether they had ever needed or felt dependent on the drug, and whether they were dependent on the drug at the time of the interview. Data from the DUF interview instrument also included alcohol/drug treatment history, information about whether arrestees had ever injected drugs, and whether they were influenced by drugs when the crime that they were charged with was committed. The data also include information about whether the arrestee had been to an emergency room for drug-related incidents and whether he or she had had prior arrests in the past 12 months. Urine tests screened for the presence of ten drugs, including marijuana, opiates, cocaine, PCP, methadone, benzodiazepines (Valium), methaqualone, propoxyphene (Darvon), barbiturates, and amphetamines (positive test results for amphetamines were confirmed by gas chromatography). Demographic data include the age, race, sex, educational attainment, marital status, employment status, and living circumstances of each respondent.Cf: http://doi.org/10.3886/ICPSR02890.v1</subfield>
            </datafield>
            <datafield tag="505" ind1=" " ind2=" ">
              <subfield code="t">Dataset</subfield>
            </datafield>
            <datafield tag="567" ind1=" " ind2=" ">
              <subfield code="a">Booked adult arrestees in Cleveland, Detroit, and Houston in 1997.</subfield>
            </datafield>
            <datafield tag="650" ind1=" " ind2="7">
              <subfield code="a">drug abuse</subfield>
              <subfield code="2">icpsr</subfield>
            </datafield>
            <datafield tag="650" ind1=" " ind2="7">
              <subfield code="a">drug dependence</subfield>
              <subfield code="2">icpsr</subfield>
            </datafield>
            <datafield tag="650" ind1=" " ind2="7">
              <subfield code="a">drug testing</subfield>
              <subfield code="2">icpsr</subfield>
            </datafield>
            <datafield tag="650" ind1=" " ind2="7">
              <subfield code="a">drug treatment</subfield>
              <subfield code="2">icpsr</subfield>
            </datafield>
            <datafield tag="650" ind1=" " ind2="7">
              <subfield code="a">drug use</subfield>
              <subfield code="2">icpsr</subfield>
            </datafield>
            <datafield tag="650" ind1=" " ind2="7">
              <subfield code="a">offenders</subfield>
              <subfield code="2">icpsr</subfield>
            </datafield>
            <datafield tag="650" ind1=" " ind2="7">
              <subfield code="a">treatment programs</subfield>
              <subfield code="2">icpsr</subfield>
            </datafield>
            <datafield tag="650" ind1=" " ind2="7">
              <subfield code="a">urinalysis</subfield>
              <subfield code="2">icpsr</subfield>
            </datafield>
            <datafield tag="653" ind1="0" ind2=" ">
              <subfield code="a">NACJD XI. Drugs, Alcohol, and Crime</subfield>
            </datafield>
            <datafield tag="653" ind1="0" ind2=" ">
              <subfield code="a">ICPSR XVII.E. Social Institutions and Behavior, Crime and the Criminal Justice System</subfield>
            </datafield>
            <datafield tag="700" ind1="2" ind2=" ">
              <subfield code="a">Wish, Eric D.,</subfield>
              <subfield code="u">University of Maryland, College Park, Center for Substance Abuse Research (CESAR)</subfield>
            </datafield>
            <datafield tag="700" ind1="2" ind2=" ">
              <subfield code="a">Gray, Thomas</subfield>
              <subfield code="u">University of Maryland, College Park, Center for Substance Abuse Research (CESAR)</subfield>
            </datafield>
            <datafield tag="700" ind1="2" ind2=" ">
              <subfield code="a">Sushinsky, Jonathan</subfield>
              <subfield code="u">University of Maryland, College Park, Center for Substance Abuse Research (CESAR)</subfield>
            </datafield>
            <datafield tag="710" ind1="2" ind2=" ">
              <subfield code="a">Inter-university Consortium for Political and Social Research.</subfield>
            </datafield>
            <datafield tag="830" ind1=" " ind2="0">
              <subfield code="a">ICPSR (Series)</subfield>
              <subfield code="v">2890</subfield>
            </datafield>
            <datafield tag="856" ind1="4" ind2="0">
              <subfield code="z">Access restricted ; authentication may be required:</subfield>
              <subfield code="u">http://doi.org/10.3886/ICPSR02890.v1</subfield>
            </datafield>
          </record>
        </collection>
      </metadata>
    </record>