
    <record>
      <header>
        <identifier>2891</identifier>
        <datestamp>2006-03-30T01:01:01Z</datestamp>
      </header>
      <metadata>
        <collection xmlns="http://www.loc.gov/MARC21/slim" xsi:schemaLocation="http://www.loc.gov/MARC21/slim https://www.loc.gov/standards/marcxml/schema/MARC21slim.xsd">
          <record>
            <leader>cmm 22 4500</leader>
            <controlfield tag="001">ICPSR02891</controlfield>
            <controlfield tag="003">MiAaI</controlfield>
            <controlfield tag="006">m f a u</controlfield>
            <controlfield tag="007">cr mn mmmmuuuu</controlfield>
            <controlfield tag="008">190117s2001 miu f a eng d</controlfield>
            <datafield tag="035" ind1=" " ind2=" ">
              <subfield code="a">(MiAaI)ICPSR02891</subfield>
            </datafield>
            <datafield tag="040" ind1=" " ind2=" ">
              <subfield code="a">MiAaI</subfield>
              <subfield code="c">MiAaI</subfield>
            </datafield>
            <datafield tag="245" ind1="0" ind2="0">
              <subfield code="a">Evaluation of North Carolina's 1994 Structured Sentencing Law, 1992-1998</subfield>
              <subfield code="h">[electronic resource]</subfield>
              <subfield code="c">James J. Collins, Donna L., et al. Spencer</subfield>
            </datafield>
            <datafield tag="250" ind1=" " ind2=" ">
              <subfield code="a">2006-03-30</subfield>
            </datafield>
            <datafield tag="260" ind1=" " ind2=" ">
              <subfield code="a">Ann Arbor, Mich.</subfield>
              <subfield code="b">Inter-university Consortium for Political and Social Research [distributor]</subfield>
              <subfield code="c">2001</subfield>
            </datafield>
            <datafield tag="490" ind1=" " ind2=" ">
              <subfield code="a">ICPSR</subfield>
              <subfield code="v">2891</subfield>
            </datafield>
            <datafield tag="516" ind1=" " ind2=" ">
              <subfield code="a">Numeric</subfield>
            </datafield>
            <datafield tag="538" ind1=" " ind2=" ">
              <subfield code="a">Mode of access: Intranet.</subfield>
            </datafield>
            <datafield tag="500" ind1=" " ind2=" ">
              <subfield code="a">Title from ICPSR DDI metadata of 2019-01-17.</subfield>
            </datafield>
            <datafield tag="536" ind1=" " ind2=" ">
              <subfield code="a">United States Department of Justice. Office of Justice Programs. National Institute of Justice</subfield>
              <subfield code="c">96-CE-VX-0013</subfield>
            </datafield>
            <datafield tag="506" ind1=" " ind2=" ">
              <subfield code="a">AVAILABLE. This study is freely available to the general public.</subfield>
            </datafield>
            <datafield tag="530" ind1=" " ind2=" ">
              <subfield code="a">Also available as downloadable files.</subfield>
            </datafield>
            <datafield tag="522" ind1=" " ind2=" ">
              <subfield code="a">North Carolina</subfield>
            </datafield>
            <datafield tag="522" ind1=" " ind2=" ">
              <subfield code="a">United States</subfield>
            </datafield>
            <datafield tag="520" ind1="3" ind2=" ">
              <subfield code="a">Effective October 1, 1994, the state of North Carolina implemented a new structured sentencing law that applied to all felony and misdemeanor crimes (except for driving while impaired) committed on or after October 1, 1994. Under the new structured sentencing law parole was eliminated, and a sentencing commission developed recommended ranges of punishment for offense and offender categories, set priorities for the use of correctional resources, and developed a model to estimate correctional populations. This study sought to investigate sentencing reforms by looking at the effects of structured sentencing on multiple aspects of the adjudication process in North Carolina. A further objective was to determine whether there were differences in the commission of institutional infractions between inmates sentenced to North Carolina prisons under the pre-structured versus structured sentencing laws. Researchers hoped that the results of this study may help North Carolina and jurisdictions around the country (1) anticipate the likely effects of structured sentencing laws, (2) design new laws that might better achieve the jurisdictions' goals, and (3) improve the potential of sentencing legislation in order to enhance public safety in an effective and equitable way. Administrative records data were collected from two sources. First, in order to examine the effects of structured sentencing on the adjudication process in North Carolina, criminal case data were obtained from the North Carolina Administrative Office of the Courts (Parts 1 and 2). The pre-structured sentencing and structured sentencing samples were selected at the case level, and each record in Parts 1 and 2 represents a charged offense processed in either the North Carolina Superior or District Court. Second, inmate records data were collected from administrative records provided by the North Carolina Department of Correction (Part 3). These data were used to compare the involvement in infractions of inmates sentenced under both pre-structured and structured sentencing. The data for Part 3 focused on inmates entering the prison system between June 1, 1995, and January 31, 1998. Variables for Parts 1 and 2 include type of charge, charged offense date, method of disposition (e.g., dismissal, withdrawal, jury trial), defendant's plea, verdict for the offense, and whether the offense was processed through the North Carolina Superior or District Court. Structured sentencing offense class and modified Uniform Crime Reporting code for both charged and convicted offenses are presented for Parts 1 and 2. There are also county, prosecutorial district, and defendant episode identifiers in both parts. Variables related to defendant episodes include types of offenses within episode, total number of charges and convictions, whether all charges were dismissed, whether any felony charge resulted in a jury trial, and the adjudication time for all charges. Demographic variables for Parts 1 and 2 include the defendant's age, race, and gender. Part 3 variables include the date of prison admission, sentence type, number of prior incarcerations, number of years served during prior incarcerations, maximum sentence length for current incarceration, jail credit in years, count of all infractions during current and prior incarcerations, reason for incarceration, infraction rate, the risk for alcohol and drug dependency based on alcohol and chemical dependency screening scores, and the number of assault, drug/alcohol, profanity/disobedience, work absence, and money/property infractions during an inmate's current incarceration. Demographic variables for Part 3 include race, gender, and age at the time of each inmate's prison admission.Cf: http://doi.org/10.3886/ICPSR02891.v1</subfield>
            </datafield>
            <datafield tag="505" ind1=" " ind2=" ">
              <subfield code="t">North Carolina Administrative Office of the Courts Pre-Structured Sentencing Data</subfield>
            </datafield>
            <datafield tag="505" ind1=" " ind2=" ">
              <subfield code="t">North Carolina Administrative Office of the Courts Structured Sentencing Data</subfield>
            </datafield>
            <datafield tag="505" ind1=" " ind2=" ">
              <subfield code="t">North Carolina Department of Correction Data</subfield>
            </datafield>
            <datafield tag="567" ind1=" " ind2=" ">
              <subfield code="a">Part 1: Criminal offenders sentenced under North Carolina's pre-structured sentencing law. Part 2: Criminal offenders sentenced under North Carolina's structured sentencing law. Part 3: Inmates entering North Carolina's prison system between June 1, 1995, and January 31, 1998, sentenced under both pre-structured and structured sentencing laws.</subfield>
            </datafield>
            <datafield tag="650" ind1=" " ind2="7">
              <subfield code="a">criminal justice system</subfield>
              <subfield code="2">icpsr</subfield>
            </datafield>
            <datafield tag="650" ind1=" " ind2="7">
              <subfield code="a">felony offenses</subfield>
              <subfield code="2">icpsr</subfield>
            </datafield>
            <datafield tag="650" ind1=" " ind2="7">
              <subfield code="a">misdemeanor offenses</subfield>
              <subfield code="2">icpsr</subfield>
            </datafield>
            <datafield tag="650" ind1=" " ind2="7">
              <subfield code="a">policies and procedures</subfield>
              <subfield code="2">icpsr</subfield>
            </datafield>
            <datafield tag="650" ind1=" " ind2="7">
              <subfield code="a">punishment</subfield>
              <subfield code="2">icpsr</subfield>
            </datafield>
            <datafield tag="650" ind1=" " ind2="7">
              <subfield code="a">sentencing</subfield>
              <subfield code="2">icpsr</subfield>
            </datafield>
            <datafield tag="650" ind1=" " ind2="7">
              <subfield code="a">sentencing reforms</subfield>
              <subfield code="2">icpsr</subfield>
            </datafield>
            <datafield tag="653" ind1="0" ind2=" ">
              <subfield code="a">ICPSR XVII.E. Social Institutions and Behavior, Crime and the Criminal Justice System</subfield>
            </datafield>
            <datafield tag="653" ind1="0" ind2=" ">
              <subfield code="a">NACJD VI. Criminal Justice System</subfield>
            </datafield>
            <datafield tag="700" ind1="2" ind2=" ">
              <subfield code="a">Collins, James J.</subfield>
              <subfield code="u">Research Triangle Institute</subfield>
            </datafield>
            <datafield tag="700" ind1="2" ind2=" ">
              <subfield code="a">Spencer, Donna L., et al.</subfield>
              <subfield code="u">Research Triangle Institute</subfield>
            </datafield>
            <datafield tag="710" ind1="2" ind2=" ">
              <subfield code="a">Inter-university Consortium for Political and Social Research.</subfield>
            </datafield>
            <datafield tag="830" ind1=" " ind2="0">
              <subfield code="a">ICPSR (Series)</subfield>
              <subfield code="v">2891</subfield>
            </datafield>
            <datafield tag="856" ind1="4" ind2="0">
              <subfield code="z">Access restricted ; authentication may be required:</subfield>
              <subfield code="u">http://doi.org/10.3886/ICPSR02891.v1</subfield>
            </datafield>
          </record>
        </collection>
      </metadata>
    </record>