
    <record>
      <header>
        <identifier>2893</identifier>
        <datestamp>2010-05-05T01:01:01Z</datestamp>
      </header>
      <metadata>
        <collection xmlns="http://www.loc.gov/MARC21/slim" xsi:schemaLocation="http://www.loc.gov/MARC21/slim https://www.loc.gov/standards/marcxml/schema/MARC21slim.xsd">
          <record>
            <leader>cmm 22 4500</leader>
            <controlfield tag="001">ICPSR02893</controlfield>
            <controlfield tag="003">MiAaI</controlfield>
            <controlfield tag="006">m f a u</controlfield>
            <controlfield tag="007">cr mn mmmmuuuu</controlfield>
            <controlfield tag="008">190117s2000 miu f a eng d</controlfield>
            <datafield tag="035" ind1=" " ind2=" ">
              <subfield code="a">(MiAaI)ICPSR02893</subfield>
            </datafield>
            <datafield tag="040" ind1=" " ind2=" ">
              <subfield code="a">MiAaI</subfield>
              <subfield code="c">MiAaI</subfield>
            </datafield>
            <datafield tag="245" ind1="0" ind2="0">
              <subfield code="a">Eurobarometer 52.1</subfield>
              <subfield code="h">[electronic resource]</subfield>
              <subfield code="b">Modern Biotechnology, Quality of Life, and Consumers' Access to Justice, November-December 1999</subfield>
              <subfield code="c">Anna Melich</subfield>
            </datafield>
            <datafield tag="250" ind1=" " ind2=" ">
              <subfield code="a">2010-05-05</subfield>
            </datafield>
            <datafield tag="260" ind1=" " ind2=" ">
              <subfield code="a">Ann Arbor, Mich.</subfield>
              <subfield code="b">Inter-university Consortium for Political and Social Research [distributor]</subfield>
              <subfield code="c">2000</subfield>
            </datafield>
            <datafield tag="490" ind1=" " ind2=" ">
              <subfield code="a">ICPSR</subfield>
              <subfield code="v">2893</subfield>
            </datafield>
            <datafield tag="490" ind1=" " ind2=" ">
              <subfield code="a">Eurobarometer Survey Series</subfield>
            </datafield>
            <datafield tag="516" ind1=" " ind2=" ">
              <subfield code="a">Numeric</subfield>
            </datafield>
            <datafield tag="538" ind1=" " ind2=" ">
              <subfield code="a">Mode of access: Intranet.</subfield>
            </datafield>
            <datafield tag="500" ind1=" " ind2=" ">
              <subfield code="a">Title from ICPSR DDI metadata of 2019-01-17.</subfield>
            </datafield>
            <datafield tag="506" ind1=" " ind2=" ">
              <subfield code="a">AVAILABLE. This study is freely available to ICPSR member institutions.</subfield>
            </datafield>
            <datafield tag="530" ind1=" " ind2=" ">
              <subfield code="a">Also available as downloadable files.</subfield>
            </datafield>
            <datafield tag="522" ind1=" " ind2=" ">
              <subfield code="a">Austria</subfield>
            </datafield>
            <datafield tag="522" ind1=" " ind2=" ">
              <subfield code="a">Belgium</subfield>
            </datafield>
            <datafield tag="522" ind1=" " ind2=" ">
              <subfield code="a">Denmark</subfield>
            </datafield>
            <datafield tag="522" ind1=" " ind2=" ">
              <subfield code="a">Europe</subfield>
            </datafield>
            <datafield tag="522" ind1=" " ind2=" ">
              <subfield code="a">Finland</subfield>
            </datafield>
            <datafield tag="522" ind1=" " ind2=" ">
              <subfield code="a">France</subfield>
            </datafield>
            <datafield tag="522" ind1=" " ind2=" ">
              <subfield code="a">Germany</subfield>
            </datafield>
            <datafield tag="522" ind1=" " ind2=" ">
              <subfield code="a">Global</subfield>
            </datafield>
            <datafield tag="522" ind1=" " ind2=" ">
              <subfield code="a">Greece</subfield>
            </datafield>
            <datafield tag="522" ind1=" " ind2=" ">
              <subfield code="a">Ireland</subfield>
            </datafield>
            <datafield tag="522" ind1=" " ind2=" ">
              <subfield code="a">Italy</subfield>
            </datafield>
            <datafield tag="522" ind1=" " ind2=" ">
              <subfield code="a">Luxembourg</subfield>
            </datafield>
            <datafield tag="522" ind1=" " ind2=" ">
              <subfield code="a">Netherlands</subfield>
            </datafield>
            <datafield tag="522" ind1=" " ind2=" ">
              <subfield code="a">Portugal</subfield>
            </datafield>
            <datafield tag="522" ind1=" " ind2=" ">
              <subfield code="a">Spain</subfield>
            </datafield>
            <datafield tag="522" ind1=" " ind2=" ">
              <subfield code="a">Sweden</subfield>
            </datafield>
            <datafield tag="522" ind1=" " ind2=" ">
              <subfield code="a">United Kingdom</subfield>
            </datafield>
            <datafield tag="520" ind1="3" ind2=" ">
              <subfield code="a">This round of Eurobarometer surveys queried respondents on standard Eurobarometer measures such as public awareness of and attitudes toward the European Union (EU), and also focused on applications of modern biotechnology, quality of life and lifestyle, the EC symbol, and consumers' access to justice. Respondents were asked whether they believed that new, developing technologies such as biotechnology and genetic engineering, computers and information technology, telecommunications, the Internet, new materials and substances, solar energy, space exploration, and nuclear energy would improve their lives over the next 20 years. They were also prompted for what came to mind when they thought of modern biotechnology, and if they had a positive or negative opinion about specific areas of biotechnology such as the cloning of animals or humans, health research, and genetically engineered food. Those queried were asked to indicate whether a number of statements having to do with modern biotechnology were true or false, including "There are bacteria that live in waste water" and "Yeast for brewing beer consists of living organisms." They were also asked to agree or disagree that various applications of modern biotechnology are useful, a risk for society, morally acceptable, or should be encouraged. Agreement/disagreement was also sought on a number of statements, such as "Cloning animals will bring benefits to a lot of people," "Genetically modified food will bring benefits to a lot of people," "I would buy genetically modified fruits if they tasted better," and "I feel sufficiently informed about biotechnology." Respondents were asked if they felt that the various entities involved in modern technology (i.e., newspapers and magazines, the biotechnology industry, ethics committees, consumer organizations, environmental groups, the government, shops, farmers, churches, and doctors) were doing a good job for society and which sources, if any, they could trust to tell the truth about modern biotechnology. Regarding quality of life, respondents were asked about their satisfaction with life in general, their health, the health care system, family life, social life, personal safety, their financial situation, employment situation, home, and neighborhood. They were asked how their current satisfaction in these areas compared to two years ago and if they thought they would be more or less satisfied in these areas two years from now. From a list of 15 choices, respondents were asked to select three factors that contributed most to their current quality of life and three that would most improve it. Given a list of places people might visit (e.g., work, a health center, the hospital, the supermarket, etc.), respondents were asked how long it would take to get there and to which places they would walk. Other questions queried respondents about their current standard of living and monthly income, whether they had a healthy lifestyle, had a good diet, exercised, drank alcohol, smoked, or were stressed, whether in the last 12 months they had consulted a family doctor, a dentist, or a medical specialist, whether they had been a patient in a hospital or clinic for overnight or longer, and if they had any long-standing illness, disability, or infirmity that limited their activities. They were also asked what types of leisure activities they participated in and which they would do, or do more of, if they had more time. In addition, respondents were asked if the Internet, personal computers, or mobile phones were positive or negative in terms of their quality of life, if the government should spend more to ensure everyone access to these new technologies, and if respondents had participated in training activities related to these new technologies. Several questions about the poor and the socially excluded asked if respondents had given money, goods, or their time to help these groups and if, in their opinion, housing authorities, employment services, social services, religious institutions, charities, businesses, trade unions, their family, the European Union, or the poor themselves currently provided the most help. Another series of questions asked respondents about the EC symbol -- its meaning, who put it on products, on which items they had seen the symbol, and how often they took the symbol into account when they bought products. They were asked how well informed they felt as consumers, in what form they would like to get information on their rights as a consumer (i.e., an outline, a detailed booklet, a complete description, a videotape, etc.), if they had ever had to complain about a purchase, whom they complained to or would complain to, and whether they complained or would complain in person, by phone, in writing, by e-mail, or in some other fashion. They were asked if they had heard of bodies such as arbitrators, counselors, ombudsmen, etc., that deal with consumer disputes and if they would be willing to bring their problem before one of these agents or if they had fears about them. Further questions queried respondents about whether in the last five years they had had a problem that they could not get resolved, what type of product or service was involved, and what they did when they could not resolve the problem. They were questioned as to the minimum amount it would take to bring the problem to court, why they would not bring it to court for less, whether they had insurance that would cover the legal costs, if they would be more likely to go to court if they joined other consumers with the same problem, what would most encourage them to defend their rights in court, in whom they had the most confidence to defend consumers in court, how much confidence they had in the courts to settle disputes, and who could best protect consumer interests. Similar questions were asked concerning products bought abroad -- the amount it would take to bring the dispute to court, if they had ever had a problem with a product or service bought abroad, if they did anything about the problem, how satisfied they were with the results, and if it would be useful to have one form that could be used throughout the European Union to complain about a product or service problem. Information was also collected on whether anyone in the household owned a color TV, a video recorder, a video camera, a clock radio, a home computer, a still camera, an electric drill, an electric deep-fat fryer, two or more cars, or a second or holiday home. Standard demographic information collected included age, sex, nationality, left-right political self-placement, marital status, age at completion of education, number of people in household, number of children in household, current occupation, previous occupation, religiosity, household income, type of residence, size of locality,region of residence, and nationality.Cf: http://doi.org/10.3886/ICPSR02893.v4</subfield>
            </datafield>
            <datafield tag="505" ind1=" " ind2=" ">
              <subfield code="t">Dataset</subfield>
            </datafield>
            <datafield tag="567" ind1=" " ind2=" ">
              <subfield code="a">Citizens of the European Union aged 15 and over residing in the 15 EU member countries: Austria, Belgium, Denmark, Finland, France, Germany, Greece, Ireland, Italy, Luxembourg, the Netherlands, Portugal, Spain, Sweden, and the United Kingdom.</subfield>
            </datafield>
            <datafield tag="650" ind1=" " ind2="7">
              <subfield code="a">attitudes</subfield>
              <subfield code="2">icpsr</subfield>
            </datafield>
            <datafield tag="650" ind1=" " ind2="7">
              <subfield code="a">biotechnology</subfield>
              <subfield code="2">icpsr</subfield>
            </datafield>
            <datafield tag="650" ind1=" " ind2="7">
              <subfield code="a">cloning</subfield>
              <subfield code="2">icpsr</subfield>
            </datafield>
            <datafield tag="650" ind1=" " ind2="7">
              <subfield code="a">economic integration</subfield>
              <subfield code="2">icpsr</subfield>
            </datafield>
            <datafield tag="650" ind1=" " ind2="7">
              <subfield code="a">European unification</subfield>
              <subfield code="2">icpsr</subfield>
            </datafield>
            <datafield tag="650" ind1=" " ind2="7">
              <subfield code="a">European Union</subfield>
              <subfield code="2">icpsr</subfield>
            </datafield>
            <datafield tag="650" ind1=" " ind2="7">
              <subfield code="a">family life</subfield>
              <subfield code="2">icpsr</subfield>
            </datafield>
            <datafield tag="650" ind1=" " ind2="7">
              <subfield code="a">genetic engineering</subfield>
              <subfield code="2">icpsr</subfield>
            </datafield>
            <datafield tag="650" ind1=" " ind2="7">
              <subfield code="a">health care</subfield>
              <subfield code="2">icpsr</subfield>
            </datafield>
            <datafield tag="650" ind1=" " ind2="7">
              <subfield code="a">health status</subfield>
              <subfield code="2">icpsr</subfield>
            </datafield>
            <datafield tag="650" ind1=" " ind2="7">
              <subfield code="a">income</subfield>
              <subfield code="2">icpsr</subfield>
            </datafield>
            <datafield tag="650" ind1=" " ind2="7">
              <subfield code="a">information technology</subfield>
              <subfield code="2">icpsr</subfield>
            </datafield>
            <datafield tag="650" ind1=" " ind2="7">
              <subfield code="a">Internet</subfield>
              <subfield code="2">icpsr</subfield>
            </datafield>
            <datafield tag="650" ind1=" " ind2="7">
              <subfield code="a">leisure</subfield>
              <subfield code="2">icpsr</subfield>
            </datafield>
            <datafield tag="650" ind1=" " ind2="7">
              <subfield code="a">life satisfaction</subfield>
              <subfield code="2">icpsr</subfield>
            </datafield>
            <datafield tag="650" ind1=" " ind2="7">
              <subfield code="a">public opinion</subfield>
              <subfield code="2">icpsr</subfield>
            </datafield>
            <datafield tag="650" ind1=" " ind2="7">
              <subfield code="a">quality of life</subfield>
              <subfield code="2">icpsr</subfield>
            </datafield>
            <datafield tag="650" ind1=" " ind2="7">
              <subfield code="a">social change</subfield>
              <subfield code="2">icpsr</subfield>
            </datafield>
            <datafield tag="650" ind1=" " ind2="7">
              <subfield code="a">social life</subfield>
              <subfield code="2">icpsr</subfield>
            </datafield>
            <datafield tag="650" ind1=" " ind2="7">
              <subfield code="a">standard of living</subfield>
              <subfield code="2">icpsr</subfield>
            </datafield>
            <datafield tag="650" ind1=" " ind2="7">
              <subfield code="a">technological change</subfield>
              <subfield code="2">icpsr</subfield>
            </datafield>
            <datafield tag="650" ind1=" " ind2="7">
              <subfield code="a">technology</subfield>
              <subfield code="2">icpsr</subfield>
            </datafield>
            <datafield tag="653" ind1="0" ind2=" ">
              <subfield code="a">IDRC VII. Public Opinion Data</subfield>
            </datafield>
            <datafield tag="653" ind1="0" ind2=" ">
              <subfield code="a">IDRC II. Economic Data</subfield>
            </datafield>
            <datafield tag="653" ind1="0" ind2=" ">
              <subfield code="a">IDRC V. Health Data</subfield>
            </datafield>
            <datafield tag="653" ind1="0" ind2=" ">
              <subfield code="a">IDRC VI. Human Dimension of International Relations</subfield>
            </datafield>
            <datafield tag="653" ind1="0" ind2=" ">
              <subfield code="a">ICPSR XIV.C.3.a. Mass Political Behavior and Attitudes, Public Opinion on Political Matters, Attitudes Toward Regional Integration, Europe</subfield>
            </datafield>
            <datafield tag="653" ind1="0" ind2=" ">
              <subfield code="a">IDRC III. Electoral Systems and Political Behavior</subfield>
            </datafield>
            <datafield tag="700" ind1="2" ind2=" ">
              <subfield code="a">Melich, Anna</subfield>
              <subfield code="u">European Commission</subfield>
            </datafield>
            <datafield tag="710" ind1="2" ind2=" ">
              <subfield code="a">Inter-university Consortium for Political and Social Research.</subfield>
            </datafield>
            <datafield tag="830" ind1=" " ind2="0">
              <subfield code="a">ICPSR (Series)</subfield>
              <subfield code="v">2893</subfield>
            </datafield>
            <datafield tag="856" ind1="4" ind2="0">
              <subfield code="z">Access restricted ; authentication may be required:</subfield>
              <subfield code="u">http://doi.org/10.3886/ICPSR02893.v4</subfield>
            </datafield>
          </record>
        </collection>
      </metadata>
    </record>