
    <record>
      <header>
        <identifier>2895</identifier>
        <datestamp>2006-03-30T01:01:01Z</datestamp>
      </header>
      <metadata>
        <collection xmlns="http://www.loc.gov/MARC21/slim" xsi:schemaLocation="http://www.loc.gov/MARC21/slim https://www.loc.gov/standards/marcxml/schema/MARC21slim.xsd">
          <record>
            <leader>cmm 22 4500</leader>
            <controlfield tag="001">ICPSR02895</controlfield>
            <controlfield tag="003">MiAaI</controlfield>
            <controlfield tag="006">m f a u</controlfield>
            <controlfield tag="007">cr mn mmmmuuuu</controlfield>
            <controlfield tag="008">190117s2001 miu f a eng d</controlfield>
            <datafield tag="035" ind1=" " ind2=" ">
              <subfield code="a">(MiAaI)ICPSR02895</subfield>
            </datafield>
            <datafield tag="040" ind1=" " ind2=" ">
              <subfield code="a">MiAaI</subfield>
              <subfield code="c">MiAaI</subfield>
            </datafield>
            <datafield tag="245" ind1="0" ind2="0">
              <subfield code="a">Examination of Crime Guns and Homicide in Pittsburgh, Pennsylvania, 1987-1998</subfield>
              <subfield code="h">[electronic resource]</subfield>
              <subfield code="c">Jacqueline Cohen, Wilpen L. Gorr</subfield>
            </datafield>
            <datafield tag="250" ind1=" " ind2=" ">
              <subfield code="a">2006-03-30</subfield>
            </datafield>
            <datafield tag="260" ind1=" " ind2=" ">
              <subfield code="a">Ann Arbor, Mich.</subfield>
              <subfield code="b">Inter-university Consortium for Political and Social Research [distributor]</subfield>
              <subfield code="c">2001</subfield>
            </datafield>
            <datafield tag="490" ind1=" " ind2=" ">
              <subfield code="a">ICPSR</subfield>
              <subfield code="v">2895</subfield>
            </datafield>
            <datafield tag="516" ind1=" " ind2=" ">
              <subfield code="a">Numeric</subfield>
            </datafield>
            <datafield tag="538" ind1=" " ind2=" ">
              <subfield code="a">Mode of access: Intranet.</subfield>
            </datafield>
            <datafield tag="500" ind1=" " ind2=" ">
              <subfield code="a">Title from ICPSR DDI metadata of 2019-01-17.</subfield>
            </datafield>
            <datafield tag="536" ind1=" " ind2=" ">
              <subfield code="a">United States Department of Justice. Office of Justice Programs. National Institute of Justice</subfield>
              <subfield code="c">95-IJ-CX-0075</subfield>
            </datafield>
            <datafield tag="506" ind1=" " ind2=" ">
              <subfield code="a">AVAILABLE. This study is freely available to the general public.</subfield>
            </datafield>
            <datafield tag="530" ind1=" " ind2=" ">
              <subfield code="a">Also available as downloadable files.</subfield>
            </datafield>
            <datafield tag="522" ind1=" " ind2=" ">
              <subfield code="a">Pennsylvania</subfield>
            </datafield>
            <datafield tag="522" ind1=" " ind2=" ">
              <subfield code="a">Pittsburgh</subfield>
            </datafield>
            <datafield tag="522" ind1=" " ind2=" ">
              <subfield code="a">United States</subfield>
            </datafield>
            <datafield tag="520" ind1="3" ind2=" ">
              <subfield code="a">This study examined spatial and temporal features of crime guns in Pittsburgh, Pennsylvania, in order to ascertain how gun availability affected criminal behavior among youth, whether the effects differed between young adults and juveniles, and whether that relationship changed over time. Rather than investigating the general prevalence of guns, this study focused only on those firearms used in the commission of crimes. Crime guns were defined specifically as those used in murders, assaults, robberies, weapons offenses, and drug offenses. The emphasis of the project was on the attributes of crime guns and those who possess them, the geographic sources of those guns, the distribution of crime guns over neighborhoods in a city, and the relationship between the prevalence of crime guns and the incidence of homicide. Data for Part 1, Traced Guns Data, came from the City of Pittsburgh Bureau of Police. Gun trace data provided a detailed view of crime guns recovered by police during a two-year period, from 1995 to 1997. These data identified the original source of each crime gun (first sale to a non-FFL, i.e., a person not holding a Federal Firearms License) as well as attributes of the gun and the person possessing the gun at the time of the precipitating crime, and the ZIP-code location where the gun was recovered. For Part 2, Crime Laboratory Data, data were gathered from the local county crime laboratory on guns submitted by Pittsburgh police for forensic testing. These data were from 1993 to 1998 and provided a longer time series for examining changes in crime guns over time than the data in Part 1. In Parts 3 and 4, Stolen Guns by ZIP-Code Data and Stolen Guns by Census Tract Data, data on stolen guns came from the local police. These data included the attributes of the guns and residential neighborhoods of owners. Part 3 contains data from 1987 to 1996 organized by ZIP code, whereas Part 4 contains data from 1993 to 1996 organized by census tract. Part 5, Shots Fired Data, contains the final indicator of crime gun prevalence for this study, which was 911 calls of incidents involving shots fired. These data provided vital information on both the geographic location and timing of these incidents. Shots-fired incidents not only captured varying levels of access to crime guns, but also variations in the willingness to actually use crime guns in a criminal manner. Part 6, Homicide Data, contains homicide data for the city of Pittsburgh from 1990 to 1995. These data were used to examine the relationship between varying levels of crime gun prevalence and levels of homicide, especially youth homicide, in the same city. Part 7, Pilot Mapping Application, is a pilot application illustrating the potential uses of mapping tools in police investigations of crime guns traced back to original point of sale. NTC. It consists of two ArcView 3.1 project files and 90 supporting data and mapping files. Variables in Part 1 include date of manufacture and sale of the crime gun, weapon type, gun model, caliber, firing mechanism, dealer location (ZIP code and state), recovery date and location (ZIP code and state), age and state of residence of purchaser and possessor, and possessor role. Part 2 also contains gun type and model, as well as gun make, precipitating offense, police zone submitting the gun, and year the gun was submitted to the crime lab. Variables in Parts 3 and 4 include month and year the gun was stolen, gun type, make, and caliber, and owner residence. Residence locations are limited to owner ZIP code in Part 3, and 1990 Census tract number and neighborhood name in Part 4. Part 5 contains the date, time, census tract and police zone of 911 calls relating to shots fired. Part 6 contains the date and census tract of the homicide incident, drug involvement, gang involvement, weapon, and victim and offender ages. Data in Part 7 include state, county, and ZIP code of traced guns, population figures, and counts of crime guns recovered at various geographic locations (states, counties, and ZIP codes) where the traced guns first originated in sales by an FFL to a non-FFL individual. Data for individual guns are not provided in Part 7.Cf: http://doi.org/10.3886/ICPSR02895.v1</subfield>
            </datafield>
            <datafield tag="505" ind1=" " ind2=" ">
              <subfield code="t">Traced Guns Data</subfield>
            </datafield>
            <datafield tag="505" ind1=" " ind2=" ">
              <subfield code="t">Crime Laboratory Data</subfield>
            </datafield>
            <datafield tag="505" ind1=" " ind2=" ">
              <subfield code="t">Stolen Guns by ZIP-Code Data</subfield>
            </datafield>
            <datafield tag="505" ind1=" " ind2=" ">
              <subfield code="t">Stolen Guns by Census Tract Data</subfield>
            </datafield>
            <datafield tag="505" ind1=" " ind2=" ">
              <subfield code="t">Shots Fired Data</subfield>
            </datafield>
            <datafield tag="505" ind1=" " ind2=" ">
              <subfield code="t">Homicide Data</subfield>
            </datafield>
            <datafield tag="505" ind1=" " ind2=" ">
              <subfield code="t">Pilot Mapping Application</subfield>
            </datafield>
            <datafield tag="567" ind1=" " ind2=" ">
              <subfield code="a">Parts 1-5 and 7: Guns used in the commission of crime in Pittsburgh, Pennsylvania, between 1987 and 1998. Part 6: Homicide victims in Pittsburgh, Pennsylvania, between 1990 and 1995.</subfield>
            </datafield>
            <datafield tag="650" ind1=" " ind2="7">
              <subfield code="a">armed robbery</subfield>
              <subfield code="2">icpsr</subfield>
            </datafield>
            <datafield tag="650" ind1=" " ind2="7">
              <subfield code="a">assault</subfield>
              <subfield code="2">icpsr</subfield>
            </datafield>
            <datafield tag="650" ind1=" " ind2="7">
              <subfield code="a">criminality</subfield>
              <subfield code="2">icpsr</subfield>
            </datafield>
            <datafield tag="650" ind1=" " ind2="7">
              <subfield code="a">drug law offenses</subfield>
              <subfield code="2">icpsr</subfield>
            </datafield>
            <datafield tag="650" ind1=" " ind2="7">
              <subfield code="a">firearms</subfield>
              <subfield code="2">icpsr</subfield>
            </datafield>
            <datafield tag="650" ind1=" " ind2="7">
              <subfield code="a">forensic sciences</subfield>
              <subfield code="2">icpsr</subfield>
            </datafield>
            <datafield tag="650" ind1=" " ind2="7">
              <subfield code="a">gun control</subfield>
              <subfield code="2">icpsr</subfield>
            </datafield>
            <datafield tag="650" ind1=" " ind2="7">
              <subfield code="a">gun ownership</subfield>
              <subfield code="2">icpsr</subfield>
            </datafield>
            <datafield tag="650" ind1=" " ind2="7">
              <subfield code="a">gun registration</subfield>
              <subfield code="2">icpsr</subfield>
            </datafield>
            <datafield tag="650" ind1=" " ind2="7">
              <subfield code="a">gun use</subfield>
              <subfield code="2">icpsr</subfield>
            </datafield>
            <datafield tag="650" ind1=" " ind2="7">
              <subfield code="a">handguns</subfield>
              <subfield code="2">icpsr</subfield>
            </datafield>
            <datafield tag="650" ind1=" " ind2="7">
              <subfield code="a">homicide</subfield>
              <subfield code="2">icpsr</subfield>
            </datafield>
            <datafield tag="650" ind1=" " ind2="7">
              <subfield code="a">neighborhoods</subfield>
              <subfield code="2">icpsr</subfield>
            </datafield>
            <datafield tag="650" ind1=" " ind2="7">
              <subfield code="a">public safety</subfield>
              <subfield code="2">icpsr</subfield>
            </datafield>
            <datafield tag="650" ind1=" " ind2="7">
              <subfield code="a">weapons offenses</subfield>
              <subfield code="2">icpsr</subfield>
            </datafield>
            <datafield tag="653" ind1="0" ind2=" ">
              <subfield code="a">ICPSR XVII.E. Social Institutions and Behavior, Crime and the Criminal Justice System</subfield>
            </datafield>
            <datafield tag="653" ind1="0" ind2=" ">
              <subfield code="a">NACJD VII. Crime and Delinquency</subfield>
            </datafield>
            <datafield tag="653" ind1="0" ind2=" ">
              <subfield code="a">NACJD XIV. Homicide Studies</subfield>
            </datafield>
            <datafield tag="653" ind1="0" ind2=" ">
              <subfield code="a">NACJD XIX. Guns and Other Weapons</subfield>
            </datafield>
            <datafield tag="653" ind1="0" ind2=" ">
              <subfield code="a">facts I. Firearm-Safety Among Children and Teens Consortium</subfield>
            </datafield>
            <datafield tag="700" ind1="2" ind2=" ">
              <subfield code="a">Cohen, Jacqueline</subfield>
              <subfield code="u">Carnegie Mellon University, H. John Heinz III School of Public Policy and Management</subfield>
            </datafield>
            <datafield tag="700" ind1="2" ind2=" ">
              <subfield code="a">Gorr, Wilpen L.</subfield>
              <subfield code="u">Carnegie Mellon University, H. John Heinz III School of Public Policy and Management</subfield>
            </datafield>
            <datafield tag="710" ind1="2" ind2=" ">
              <subfield code="a">Inter-university Consortium for Political and Social Research.</subfield>
            </datafield>
            <datafield tag="830" ind1=" " ind2="0">
              <subfield code="a">ICPSR (Series)</subfield>
              <subfield code="v">2895</subfield>
            </datafield>
            <datafield tag="856" ind1="4" ind2="0">
              <subfield code="z">Access restricted ; authentication may be required:</subfield>
              <subfield code="u">http://doi.org/10.3886/ICPSR02895.v1</subfield>
            </datafield>
          </record>
        </collection>
      </metadata>
    </record>