
    <record>
      <header>
        <identifier>2913</identifier>
        <datestamp>2006-01-12T01:01:01Z</datestamp>
      </header>
      <metadata>
        <collection xmlns="http://www.loc.gov/MARC21/slim" xsi:schemaLocation="http://www.loc.gov/MARC21/slim https://www.loc.gov/standards/marcxml/schema/MARC21slim.xsd">
          <record>
            <leader>cmm 22 4500</leader>
            <controlfield tag="001">ICPSR02913</controlfield>
            <controlfield tag="003">MiAaI</controlfield>
            <controlfield tag="006">m f a u</controlfield>
            <controlfield tag="007">cr mn mmmmuuuu</controlfield>
            <controlfield tag="008">190117s2001 miu f a eng d</controlfield>
            <datafield tag="035" ind1=" " ind2=" ">
              <subfield code="a">(MiAaI)ICPSR02913</subfield>
            </datafield>
            <datafield tag="040" ind1=" " ind2=" ">
              <subfield code="a">MiAaI</subfield>
              <subfield code="c">MiAaI</subfield>
            </datafield>
            <datafield tag="245" ind1="0" ind2="0">
              <subfield code="a">Census of Population and Housing, 2000 [United States]</subfield>
              <subfield code="h">[electronic resource]</subfield>
              <subfield code="b">1998 Dress Rehearsal, P.L. 94-171 Redistricting Data, Geographic Files for 11 Counties in South Carolina, Sacramento, California, and Menominee County, Wisconsin</subfield>
              <subfield code="c">United States. Bureau of the Census</subfield>
            </datafield>
            <datafield tag="250" ind1=" " ind2=" ">
              <subfield code="a">2006-01-12</subfield>
            </datafield>
            <datafield tag="260" ind1=" " ind2=" ">
              <subfield code="a">Ann Arbor, Mich.</subfield>
              <subfield code="b">Inter-university Consortium for Political and Social Research [distributor]</subfield>
              <subfield code="c">2001</subfield>
            </datafield>
            <datafield tag="490" ind1=" " ind2=" ">
              <subfield code="a">ICPSR</subfield>
              <subfield code="v">2913</subfield>
            </datafield>
            <datafield tag="490" ind1=" " ind2=" ">
              <subfield code="a">Census of Population and Housing, 2000 [United States] Series</subfield>
            </datafield>
            <datafield tag="516" ind1=" " ind2=" ">
              <subfield code="a">Numeric</subfield>
            </datafield>
            <datafield tag="538" ind1=" " ind2=" ">
              <subfield code="a">Mode of access: Intranet.</subfield>
            </datafield>
            <datafield tag="500" ind1=" " ind2=" ">
              <subfield code="a">Title from ICPSR DDI metadata of 2019-01-17.</subfield>
            </datafield>
            <datafield tag="506" ind1=" " ind2=" ">
              <subfield code="a">AVAILABLE. This study is freely available to the general public.</subfield>
            </datafield>
            <datafield tag="530" ind1=" " ind2=" ">
              <subfield code="a">Also available as downloadable files.</subfield>
            </datafield>
            <datafield tag="522" ind1=" " ind2=" ">
              <subfield code="a">California</subfield>
            </datafield>
            <datafield tag="522" ind1=" " ind2=" ">
              <subfield code="a">Columbia (South Carolina)</subfield>
            </datafield>
            <datafield tag="522" ind1=" " ind2=" ">
              <subfield code="a">Sacramento</subfield>
            </datafield>
            <datafield tag="522" ind1=" " ind2=" ">
              <subfield code="a">South Carolina</subfield>
            </datafield>
            <datafield tag="522" ind1=" " ind2=" ">
              <subfield code="a">United States</subfield>
            </datafield>
            <datafield tag="522" ind1=" " ind2=" ">
              <subfield code="a">Wisconsin</subfield>
            </datafield>
            <datafield tag="520" ind1="3" ind2=" ">
              <subfield code="a">The 1998 Dress Rehearsal was conducted as a prelude to the United States Census of Population and Housing, 2000, in the following locations: (1) Columbia, South Carolina, and surrounding areas, including the town of Irmo and the counties of Chester, Chesterfield, Darlington, Fairfield, Kershaw, Lancaster, Lee, Marlboro, Newberry, Richland, and Union, (2) Sacramento, California, and (3) Menominee County, Wisconsin, including the Menominee American Indian Reservation. This collection contains map files showing various levels of geography (in the form of Census Tract Outline Maps, Voting District/State Legislative District Outline Maps, and County Block Maps), TIGER/Line digital files, and Corner Point files for the Census 2000 Dress Rehearsal sites. The Corner Point data files contain the bounding latitude and longitude coordinates for each individual map sheet of the 1998 Dress Rehearsal Public Law (P.L.) 94-171 map products. These files include a sheet identifier, minimum and maximum longitude, minimum and maximum latitude, and the map scale (integer value) for each map sheet. The latitude and longitude coordinates are in decimal degrees and expressed as integer values with six implied decimal places. There is a separate Corner Point File for each of the three map types: County Block Map, Census Tract Outline Map, and Voting District/State Legislative District Outline Map. Each of the three map file types is provided in two formats: Portable Document Format (PDF), for viewing, and Hewlett-Packard Graphics Language (HP-GL) format, for plotting. The County Block Maps show the greatest detail and the most complete set of geographic information of all the maps. These large-scale maps depict the smallest geographic entities for which the Census Bureau presents data -- the census blocks -- by displaying the features that delineate them and the numbers that identify them. These maps show the boundaries, names, and codes for American Indian/Alaska Native areas, county subdivisions, places, census tracts, and, for this series, the geographic entities that the states delineated in Phase 2, Voting District Project, of the Redistricting Data Program. The HP-GL version of the County Block Maps is broken down into index maps and map sheets. The map sheets cover a small area, and the index maps are composed of multiple map sheets, showing the entire area. The intent of the County Block Map series is to provide a map for each county on the smallest possible number of map sheets at the maximum practical scale, dependent on the area size of the county and the density of the block pattern. The latter affects the display of block numbers and feature identifiers. The Census Tract Outline Maps show the boundaries and numbers of census tracts, and name the features underlying the boundaries. These maps also show the boundaries and names of counties, county subdivisions, and places. They identify census tracts in relation to governmental unit boundaries. The mapping unit is the county. These large-format maps are produced to support the P.L. 94-171 program and all other 1998 Dress Rehearsal data tabulations. The Voting District/State Legislative District Outline Maps show the boundaries and codes for voting districts as delineated by the states in Phase 2, Voting District Project, of the Redistricting Data Program. The features underlying the voting district boundaries are shown, as well as the names of these features. Additionally, for states that submit the information, these maps show the boundaries and codes for state legislative districts and their underlying features. These maps also show the boundaries of and names of American Indian/Alaska Native areas, counties, county subdivisions, and places. The scale of the district maps is optimized to keep the number of map sheets for each area to a minimum, but the scale and number of map sheets will vary by the area size of the county and the voting districts and state legislative districts delineated by the states. The Census 2000 Dress Rehearsal TIGER/Line Files consist of line segments representing physical features and governmental and statistical boundaries. The files contain information distributed over a series of record types for the spatial objects of a county. These TIGER/Line Files are an extract of selected geographic and cartographic information from the Census TIGER (Topologically Integrated Geographic Encoding and Referencing) database. While the geographic coverage for a single TIGER/Line File is usually a county or statistical equivalent entity, the 1998 Dress Rehearsal TIGER/Line Files include only those entities included in the Dress Rehearsal with the coverage area based on January 1, 1998, legal boundaries. The Census's TIGER database represents a seamless national file with no overlaps or gaps between parts. However, each 1998 Dress Rehearsal TIGER/Line File is designed to stand alone as an independent dataset. The TIGER/Line Files for each distinct geographic area can also be combined to show the entire area that was included in the Dress Rehearsal for that site. There are a total of 17 record types in the TIGER/Line Files, including the basic data record, the shape coordinate points, and geographic codes, that can be used with appropriate software to prepare maps. A complete list of codes for the record types can be found in Chapter 6 of the Technical Documentation for TIGER/Line Files (Part 603).Cf: http://doi.org/10.3886/ICPSR02913.v1</subfield>
            </datafield>
            <datafield tag="505" ind1=" " ind2=" ">
              <subfield code="t">Corner Point File: County Block Bounding Latitude and Longitude, Sacramento, California</subfield>
            </datafield>
            <datafield tag="505" ind1=" " ind2=" ">
              <subfield code="t">Corner Point File: Census Tract Bounding Latitude and Longitude, Sacramento, California</subfield>
            </datafield>
            <datafield tag="505" ind1=" " ind2=" ">
              <subfield code="t">Corner Point File: Voting District/State Legislative District Bounding Latitude and Longitude, Sacramento, California</subfield>
            </datafield>
            <datafield tag="505" ind1=" " ind2=" ">
              <subfield code="t">Census Tract Outline Maps: Sacramento, California</subfield>
            </datafield>
            <datafield tag="505" ind1=" " ind2=" ">
              <subfield code="t">County Block Maps: Sacramento, California</subfield>
            </datafield>
            <datafield tag="505" ind1=" " ind2=" ">
              <subfield code="t">Voting District/State Legislative District Outline Maps: Sacramento, California</subfield>
            </datafield>
            <datafield tag="505" ind1=" " ind2=" ">
              <subfield code="t">TIGER/Line File: Record Type 1, Complete Chain Basic Data Record, Sacramento, California</subfield>
            </datafield>
            <datafield tag="505" ind1=" " ind2=" ">
              <subfield code="t">TIGER/Line File: Record Type 2, Complete Chain Shape Coordinates, Sacramento, California</subfield>
            </datafield>
            <datafield tag="505" ind1=" " ind2=" ">
              <subfield code="t">TIGER/Line File: Record Type 3, Complete Chain Geographic Entity Codes, Sacramento, California</subfield>
            </datafield>
            <datafield tag="505" ind1=" " ind2=" ">
              <subfield code="t">TIGER/Line File: Record Type 4, Index to Alternate Feature Identifiers, Sacramento, California</subfield>
            </datafield>
            <datafield tag="505" ind1=" " ind2=" ">
              <subfield code="t">TIGER/Line File: Record Type 5, Complete Chain Feature Identifiers, Sacramento, California</subfield>
            </datafield>
            <datafield tag="505" ind1=" " ind2=" ">
              <subfield code="t">TIGER/Line File: Record Type 6, Additional Address Range and ZIP Code Data, Sacramento, California</subfield>
            </datafield>
            <datafield tag="505" ind1=" " ind2=" ">
              <subfield code="t">TIGER/Line File: Record Type 7, Landmark Features, Sacramento, California</subfield>
            </datafield>
            <datafield tag="505" ind1=" " ind2=" ">
              <subfield code="t">TIGER/Line File: Record Type 8, Polygons Linked to Area Landmarks, Sacramento, California</subfield>
            </datafield>
            <datafield tag="505" ind1=" " ind2=" ">
              <subfield code="t">TIGER/Line File: Record Type 9, Key Geographic Location Features, Sacramento, California</subfield>
            </datafield>
            <datafield tag="505" ind1=" " ind2=" ">
              <subfield code="t">TIGER/Line File: Record Type A, Polygon Geographic Entity Codes, Sacramento, California</subfield>
            </datafield>
            <datafield tag="505" ind1=" " ind2=" ">
              <subfield code="t">TIGER/Line File: Record Type C, Geographic Entity Names, Sacramento, California</subfield>
            </datafield>
            <datafield tag="505" ind1=" " ind2=" ">
              <subfield code="t">TIGER/Line File: Record Type H, ID History, Sacramento, California</subfield>
            </datafield>
            <datafield tag="505" ind1=" " ind2=" ">
              <subfield code="t">TIGER/Line File: Record Type I, Link Between Complete Chains and Polygons, Sacramento, California</subfield>
            </datafield>
            <datafield tag="505" ind1=" " ind2=" ">
              <subfield code="t">TIGER/Line File: Record Type P, Polygon Internal Point, Sacramento, California</subfield>
            </datafield>
            <datafield tag="505" ind1=" " ind2=" ">
              <subfield code="t">TIGER/Line File: Record Type R, ID Record Number Range, Sacramento, California</subfield>
            </datafield>
            <datafield tag="505" ind1=" " ind2=" ">
              <subfield code="t">TIGER/Line File: Record Type S, Polygon Additional Geographic Entity Codes, Sacramento, California</subfield>
            </datafield>
            <datafield tag="505" ind1=" " ind2=" ">
              <subfield code="t">TIGER/Line File: Record Type Z, ZIP+4 Codes, Sacramento, California</subfield>
            </datafield>
            <datafield tag="505" ind1=" " ind2=" ">
              <subfield code="t">Census Tract Outline Maps: Sheet 1, Sacramento, California</subfield>
            </datafield>
            <datafield tag="505" ind1=" " ind2=" ">
              <subfield code="t">Census Tract Outline Maps: Sheet 2, Sacramento, California</subfield>
            </datafield>
            <datafield tag="505" ind1=" " ind2=" ">
              <subfield code="t">County Block Maps: Index Map, Sacramento, California</subfield>
            </datafield>
            <datafield tag="505" ind1=" " ind2=" ">
              <subfield code="t">County Block Maps: Sheet 1, Sacramento, California</subfield>
            </datafield>
            <datafield tag="505" ind1=" " ind2=" ">
              <subfield code="t">County Block Maps: Sheet 2, Sacramento, California</subfield>
            </datafield>
            <datafield tag="505" ind1=" " ind2=" ">
              <subfield code="t">County Block Maps: Sheet 3, Sacramento, California</subfield>
            </datafield>
            <datafield tag="505" ind1=" " ind2=" ">
              <subfield code="t">County Block Maps: Sheet 4, Sacramento, California</subfield>
            </datafield>
            <datafield tag="505" ind1=" " ind2=" ">
              <subfield code="t">County Block Maps: Sheet 5, Sacramento, California</subfield>
            </datafield>
            <datafield tag="505" ind1=" " ind2=" ">
              <subfield code="t">County Block Maps: Sheet 6, Sacramento, California</subfield>
            </datafield>
            <datafield tag="505" ind1=" " ind2=" ">
              <subfield code="t">County Block Maps: Sheet 7, Sacramento, California</subfield>
            </datafield>
            <datafield tag="505" ind1=" " ind2=" ">
              <subfield code="t">County Block Maps: Sheet 8, Sacramento, California</subfield>
            </datafield>
            <datafield tag="505" ind1=" " ind2=" ">
              <subfield code="t">County Block Maps: Sheet 9, Sacramento, California</subfield>
            </datafield>
            <datafield tag="505" ind1=" " ind2=" ">
              <subfield code="t">County Block Maps: Sheet 10, Sacramento, California</subfield>
            </datafield>
            <datafield tag="505" ind1=" " ind2=" ">
              <subfield code="t">County Block Maps: Sheet 11, Sacramento, California</subfield>
            </datafield>
            <datafield tag="505" ind1=" " ind2=" ">
              <subfield code="t">County Block Maps: Sheet 12, Sacramento, California</subfield>
            </datafield>
            <datafield tag="505" ind1=" " ind2=" ">
              <subfield code="t">Voting District/State Legislative District Outline Maps: Sheet 1, Sacramento, California</subfield>
            </datafield>
            <datafield tag="505" ind1=" " ind2=" ">
              <subfield code="t">Voting District/State Legislative District Outline Maps: Sheet 2, Sacramento, California</subfield>
            </datafield>
            <datafield tag="505" ind1=" " ind2=" ">
              <subfield code="t">Voting District/State Legislative District Outline Maps: Sheet 3, Sacramento, California</subfield>
            </datafield>
            <datafield tag="505" ind1=" " ind2=" ">
              <subfield code="t">Voting District/State Legislative District Outline Maps: Sheet 4, Sacramento, California</subfield>
            </datafield>
            <datafield tag="505" ind1=" " ind2=" ">
              <subfield code="t">Voting District/State Legislative District Outline Maps: Sheet 5, Sacramento, California</subfield>
            </datafield>
            <datafield tag="505" ind1=" " ind2=" ">
              <subfield code="t">Voting District/State Legislative District Outline Maps: Sheet 6, Sacramento, California</subfield>
            </datafield>
            <datafield tag="505" ind1=" " ind2=" ">
              <subfield code="t">Voting District/State Legislative District Outline Maps: Sheet 7, Sacramento, California</subfield>
            </datafield>
            <datafield tag="505" ind1=" " ind2=" ">
              <subfield code="t">Voting District/State Legislative District Outline Maps: Sheet 8, Sacramento, California</subfield>
            </datafield>
            <datafield tag="505" ind1=" " ind2=" ">
              <subfield code="t">Corner Point File: County Block Bounding Latitude and Longitude, South Carolina Counties</subfield>
            </datafield>
            <datafield tag="505" ind1=" " ind2=" ">
              <subfield code="t">Corner Point File: Census Tract Bounding Latitude and Longitude, South Carolina Counties</subfield>
            </datafield>
            <datafield tag="505" ind1=" " ind2=" ">
              <subfield code="t">Corner Point File: Voting District/State Legislative District Bounding Latitude and Longitude, South Carolina Counties</subfield>
            </datafield>
            <datafield tag="505" ind1=" " ind2=" ">
              <subfield code="t">Census Tract Outline Maps: Chester County, South Carolina</subfield>
            </datafield>
            <datafield tag="505" ind1=" " ind2=" ">
              <subfield code="t">County Block Maps: Chester County, South Carolina</subfield>
            </datafield>
            <datafield tag="505" ind1=" " ind2=" ">
              <subfield code="t">Voting District/State Legislative District Outline Maps: Chester County, South Carolina</subfield>
            </datafield>
            <datafield tag="505" ind1=" " ind2=" ">
              <subfield code="t">TIGER/Line File: Record Type 1, Complete Chain Basic Data Record, Chester County, South Carolina</subfield>
            </datafield>
            <datafield tag="505" ind1=" " ind2=" ">
              <subfield code="t">TIGER/Line File: Record Type 2, Complete Chain Shape Coordinates, Chester County, South Carolina</subfield>
            </datafield>
            <datafield tag="505" ind1=" " ind2=" ">
              <subfield code="t">TIGER/Line File: Record Type 3, Complete Chain Geographic Entity Codes, Chester County, South Carolina</subfield>
            </datafield>
            <datafield tag="505" ind1=" " ind2=" ">
              <subfield code="t">TIGER/Line File: Record Type 4, Index to Alternate Feature Identifiers, Chester County, South Carolina</subfield>
            </datafield>
            <datafield tag="505" ind1=" " ind2=" ">
              <subfield code="t">TIGER/Line File: Record Type 5, Complete Chain Feature Identifiers, Chester County, South Carolina</subfield>
            </datafield>
            <datafield tag="505" ind1=" " ind2=" ">
              <subfield code="t">TIGER/Line File: Record Type 6, Additional Address Range and ZIP Code Data, Chester County, South Carolina</subfield>
            </datafield>
            <datafield tag="505" ind1=" " ind2=" ">
              <subfield code="t">TIGER/Line File: Record Type 7, Landmark Features, Chester County, South Carolina</subfield>
            </datafield>
            <datafield tag="505" ind1=" " ind2=" ">
              <subfield code="t">TIGER/Line File: Record Type 8, Polygons Linked to Area Landmarks, Chester County, South Carolina</subfield>
            </datafield>
            <datafield tag="505" ind1=" " ind2=" ">
              <subfield code="t">TIGER/Line File: Record Type 9, Key Geographic Location Features, Chester County, South Carolina</subfield>
            </datafield>
            <datafield tag="505" ind1=" " ind2=" ">
              <subfield code="t">TIGER/Line File: Record Type A, Polygon Geographic Entity Codes, Chester County, South Carolina</subfield>
            </datafield>
            <datafield tag="505" ind1=" " ind2=" ">
              <subfield code="t">TIGER/Line File: Record Type C, Geographic Entity Names, Chester County, South Carolina</subfield>
            </datafield>
            <datafield tag="505" ind1=" " ind2=" ">
              <subfield code="t">TIGER/Line File: Record Type H, ID History, Chester County, South Carolina</subfield>
            </datafield>
            <datafield tag="505" ind1=" " ind2=" ">
              <subfield code="t">TIGER/Line File: Record Type I, Link Between Complete Chains and Polygons, Chester County, South Carolina</subfield>
            </datafield>
            <datafield tag="505" ind1=" " ind2=" ">
              <subfield code="t">TIGER/Line File: Record Type P, Polygon Internal Point, Chester County, South Carolina</subfield>
            </datafield>
            <datafield tag="505" ind1=" " ind2=" ">
              <subfield code="t">TIGER/Line File: Record Type R, ID Record Number Range, Chester County, South Carolina</subfield>
            </datafield>
            <datafield tag="505" ind1=" " ind2=" ">
              <subfield code="t">TIGER/Line File: Record Type S, Polygon Additional Geographic Entity Codes, Chester County, South Carolina</subfield>
            </datafield>
            <datafield tag="505" ind1=" " ind2=" ">
              <subfield code="t">TIGER/Line File: Record Type Z, ZIP+4 Codes, Chester County, South Carolina</subfield>
            </datafield>
            <datafield tag="505" ind1=" " ind2=" ">
              <subfield code="t">Census Tract Outline Maps: Sheet 1, Chester County, South Carolina</subfield>
            </datafield>
            <datafield tag="505" ind1=" " ind2=" ">
              <subfield code="t">County Block Maps: Index Map, Chester County, South Carolina</subfield>
            </datafield>
            <datafield tag="505" ind1=" " ind2=" ">
              <subfield code="t">County Block Maps: Sheet 1, Chester County, South Carolina</subfield>
            </datafield>
            <datafield tag="505" ind1=" " ind2=" ">
              <subfield code="t">County Block Maps: Sheet 2, Chester County, South Carolina</subfield>
            </datafield>
            <datafield tag="505" ind1=" " ind2=" ">
              <subfield code="t">County Block Maps: Sheet 2, Inset A, Chester County, South Carolina</subfield>
            </datafield>
            <datafield tag="505" ind1=" " ind2=" ">
              <subfield code="t">County Block Maps: Sheet 3, Chester County, South Carolina</subfield>
            </datafield>
            <datafield tag="505" ind1=" " ind2=" ">
              <subfield code="t">County Block Maps: Sheet 4, Chester County, South Carolina</subfield>
            </datafield>
            <datafield tag="505" ind1=" " ind2=" ">
              <subfield code="t">County Block Maps: Sheet 4, Inset A, Chester County, South Carolina</subfield>
            </datafield>
            <datafield tag="505" ind1=" " ind2=" ">
              <subfield code="t">County Block Maps: Sheet 5, Chester County, South Carolina</subfield>
            </datafield>
            <datafield tag="505" ind1=" " ind2=" ">
              <subfield code="t">County Block Maps: Sheet 6, Chester County, South Carolina</subfield>
            </datafield>
            <datafield tag="505" ind1=" " ind2=" ">
              <subfield code="t">County Block Maps: Sheet 7, Chester County, South Carolina</subfield>
            </datafield>
            <datafield tag="505" ind1=" " ind2=" ">
              <subfield code="t">County Block Maps: Sheet 8, Chester County, South Carolina</subfield>
            </datafield>
            <datafield tag="505" ind1=" " ind2=" ">
              <subfield code="t">County Block Maps: Sheet 8, Inset A, Chester County, South Carolina</subfield>
            </datafield>
            <datafield tag="505" ind1=" " ind2=" ">
              <subfield code="t">Voting District/State Legislative District Outline Maps: Sheet 1, Chester County, South Carolina</subfield>
            </datafield>
            <datafield tag="505" ind1=" " ind2=" ">
              <subfield code="t">Census Tract Outline Maps: Chesterfield County, South Carolina</subfield>
            </datafield>
            <datafield tag="505" ind1=" " ind2=" ">
              <subfield code="t">County Block Maps: Chesterfield County, South Carolina</subfield>
            </datafield>
            <datafield tag="505" ind1=" " ind2=" ">
              <subfield code="t">Voting District/State Legislative District Outline Maps: Chesterfield County, South Carolina</subfield>
            </datafield>
            <datafield tag="505" ind1=" " ind2=" ">
              <subfield code="t">TIGER/Line File: Record Type 1, Complete Chain Basic Record, Chesterfield County, South Carolina</subfield>
            </datafield>
            <datafield tag="505" ind1=" " ind2=" ">
              <subfield code="t">TIGER/Line File: Record Type 2, Complete Chain Shape Coordinates, Chesterfield County, South Carolina</subfield>
            </datafield>
            <datafield tag="505" ind1=" " ind2=" ">
              <subfield code="t">TIGER/Line File: Record Type 3, Complete Chain Geographic Entity Codes, Chesterfield County, South Carolina</subfield>
            </datafield>
            <datafield tag="505" ind1=" " ind2=" ">
              <subfield code="t">TIGER/Line File: Record Type 4, Index to Alternate Feature Identifiers, Chesterfield County, South Carolina</subfield>
            </datafield>
            <datafield tag="505" ind1=" " ind2=" ">
              <subfield code="t">TIGER/Line File: Record Type 5, Complete Chain Feature Identifiers, Chesterfield County, South Carolina</subfield>
            </datafield>
            <datafield tag="505" ind1=" " ind2=" ">
              <subfield code="t">TIGER/Line File: Record Type 6, Additional Address Range and ZIP Code Data, Chesterfield County, South Carolina</subfield>
            </datafield>
            <datafield tag="505" ind1=" " ind2=" ">
              <subfield code="t">TIGER/Line File: Record Type 7, Landmark Features, Chesterfield County, South Carolina</subfield>
            </datafield>
            <datafield tag="505" ind1=" " ind2=" ">
              <subfield code="t">TIGER/Line File: Record Type 8, Polygons Linked to Area Landmarks, Chesterfield County, South Carolina</subfield>
            </datafield>
            <datafield tag="505" ind1=" " ind2=" ">
              <subfield code="t">TIGER/Line File: Record Type 9, Key Geographic Location Features, Chesterfield County, South Carolina</subfield>
            </datafield>
            <datafield tag="505" ind1=" " ind2=" ">
              <subfield code="t">TIGER/Line File: Record Type A, Polygon Geographic Entity Codes, Chesterfield County, South Carolina</subfield>
            </datafield>
            <datafield tag="505" ind1=" " ind2=" ">
              <subfield code="t">TIGER/Line File: Record Type C, Geographic Entity Names, Chesterfield County, South Carolina</subfield>
            </datafield>
            <datafield tag="505" ind1=" " ind2=" ">
              <subfield code="t">TIGER/Line File: Record Type H, ID History, Chesterfield County, South Carolina</subfield>
            </datafield>
            <datafield tag="505" ind1=" " ind2=" ">
              <subfield code="t">TIGER/Line File: Record Type I, Link Between Complete Chains and Polygons, Chesterfield County, South Carolina</subfield>
            </datafield>
            <datafield tag="505" ind1=" " ind2=" ">
              <subfield code="t">TIGER/Line File: Record Type P, Polygon Internal Point, Chesterfield County, South Carolina</subfield>
            </datafield>
            <datafield tag="505" ind1=" " ind2=" ">
              <subfield code="t">TIGER/Line File: Record Type R, ID Record Number Range, Chesterfield County, South Carolina</subfield>
            </datafield>
            <datafield tag="505" ind1=" " ind2=" ">
              <subfield code="t">TIGER/Line File: Record Type S, Polygon Additional Geographic Entity Codes, Chesterfield County, South Carolina</subfield>
            </datafield>
            <datafield tag="505" ind1=" " ind2=" ">
              <subfield code="t">TIGER/Line File: Record Type Z, ZIP+4 Codes, Chesterfield County, South Carolina</subfield>
            </datafield>
            <datafield tag="505" ind1=" " ind2=" ">
              <subfield code="t">Census Tract Outline Maps: Sheet 1, Chesterfield County, South Carolina</subfield>
            </datafield>
            <datafield tag="505" ind1=" " ind2=" ">
              <subfield code="t">County Block Maps: Index Map, Chesterfield County, South Carolina</subfield>
            </datafield>
            <datafield tag="505" ind1=" " ind2=" ">
              <subfield code="t">County Block Maps: Sheet 1, Chesterfield County, South Carolina</subfield>
            </datafield>
            <datafield tag="505" ind1=" " ind2=" ">
              <subfield code="t">County Block Maps: Sheet 2, Chesterfield County, South Carolina</subfield>
            </datafield>
            <datafield tag="505" ind1=" " ind2=" ">
              <subfield code="t">County Block Maps: Sheet 2, Inset A, Chesterfield County, South Carolina</subfield>
            </datafield>
            <datafield tag="505" ind1=" " ind2=" ">
              <subfield code="t">County Block Maps: Sheet 3, Chesterfield County, South Carolina</subfield>
            </datafield>
            <datafield tag="505" ind1=" " ind2=" ">
              <subfield code="t">County Block Maps: Sheet 3, Inset A, Chesterfield County, South Carolina</subfield>
            </datafield>
            <datafield tag="505" ind1=" " ind2=" ">
              <subfield code="t">County Block Maps: Sheet 3, Inset B, Chesterfield County, South Carolina</subfield>
            </datafield>
            <datafield tag="505" ind1=" " ind2=" ">
              <subfield code="t">County Block Maps: Sheet 4, Chesterfield County, South Carolina</subfield>
            </datafield>
            <datafield tag="505" ind1=" " ind2=" ">
              <subfield code="t">County Block Maps: Sheet 4, Inset A, Chesterfield County, South Carolina</subfield>
            </datafield>
            <datafield tag="505" ind1=" " ind2=" ">
              <subfield code="t">County Block Maps: Sheet 5, Chesterfield County, South Carolina</subfield>
            </datafield>
            <datafield tag="505" ind1=" " ind2=" ">
              <subfield code="t">County Block Maps: Sheet 5, Inset A, Chesterfield County, South Carolina</subfield>
            </datafield>
            <datafield tag="505" ind1=" " ind2=" ">
              <subfield code="t">County Block Maps: Sheet 6, Chesterfield County, South Carolina</subfield>
            </datafield>
            <datafield tag="505" ind1=" " ind2=" ">
              <subfield code="t">County Block Maps: Sheet 7, Chesterfield County, South Carolina</subfield>
            </datafield>
            <datafield tag="505" ind1=" " ind2=" ">
              <subfield code="t">County Block Maps: Sheet 8, Chesterfield County, South Carolina</subfield>
            </datafield>
            <datafield tag="505" ind1=" " ind2=" ">
              <subfield code="t">County Block Maps: Sheet 9, Chesterfield County, South Carolina</subfield>
            </datafield>
            <datafield tag="505" ind1=" " ind2=" ">
              <subfield code="t">County Block Maps: Sheet 10, Chesterfield County, South Carolina</subfield>
            </datafield>
            <datafield tag="505" ind1=" " ind2=" ">
              <subfield code="t">County Block Maps: Sheet 11, Chesterfield County, South Carolina</subfield>
            </datafield>
            <datafield tag="505" ind1=" " ind2=" ">
              <subfield code="t">County Block Maps: Sheet 11, Inset A, Chesterfield County, South Carolina</subfield>
            </datafield>
            <datafield tag="505" ind1=" " ind2=" ">
              <subfield code="t">County Block Maps: Sheet 12, Chesterfield County, South Carolina</subfield>
            </datafield>
            <datafield tag="505" ind1=" " ind2=" ">
              <subfield code="t">County Block Maps: Sheet 13, Chesterfield County, South Carolina</subfield>
            </datafield>
            <datafield tag="505" ind1=" " ind2=" ">
              <subfield code="t">Voting District/State Legislative District Outline Maps: Sheet 1, Chesterfield County, South Carolina</subfield>
            </datafield>
            <datafield tag="505" ind1=" " ind2=" ">
              <subfield code="t">Census Tract Outline Maps: Darlington County, South Carolina</subfield>
            </datafield>
            <datafield tag="505" ind1=" " ind2=" ">
              <subfield code="t">County Block Maps: Darlington County, South Carolina</subfield>
            </datafield>
            <datafield tag="505" ind1=" " ind2=" ">
              <subfield code="t">Voting District/State Legislative District Outline Maps: Darlington County, South Carolina</subfield>
            </datafield>
            <datafield tag="505" ind1=" " ind2=" ">
              <subfield code="t">TIGER/Line File: Record Type 1, Complete Chain Basic Data Record, Darlington County, South Carolina</subfield>
            </datafield>
            <datafield tag="505" ind1=" " ind2=" ">
              <subfield code="t">TIGER/Line File: Record Type 2, Complete Chain Shape Coordinates, Darlington County, South Carolina</subfield>
            </datafield>
            <datafield tag="505" ind1=" " ind2=" ">
              <subfield code="t">TIGER/Line File: Record Type 3, Complete Chain Geographic Entity Codes, Darlington County, South Carolina</subfield>
            </datafield>
            <datafield tag="505" ind1=" " ind2=" ">
              <subfield code="t">TIGER/Line File: Record Type 4, Index to Alternate Feature Identifiers, Darlington County, South Carolina</subfield>
            </datafield>
            <datafield tag="505" ind1=" " ind2=" ">
              <subfield code="t">TIGER/Line File: Record Type 5, Complete Chain Feature Identifiers, Darlington County, South Carolina</subfield>
            </datafield>
            <datafield tag="505" ind1=" " ind2=" ">
              <subfield code="t">TIGER/Line File: Record Type 6, Additional Address Range and ZIP Code Data, Darlington County, South Carolina</subfield>
            </datafield>
            <datafield tag="505" ind1=" " ind2=" ">
              <subfield code="t">TIGER/Line File: Record Type 7, Landmark Features, Darlington County, South Carolina</subfield>
            </datafield>
            <datafield tag="505" ind1=" " ind2=" ">
              <subfield code="t">TIGER/Line File: Record Type 8, Polygons Linked to Area Landmarks, Darlington County, South Carolina</subfield>
            </datafield>
            <datafield tag="505" ind1=" " ind2=" ">
              <subfield code="t">TIGER/Line File: Record Type 9, Key Geographic Location Features, Darlington County, South Carolina</subfield>
            </datafield>
            <datafield tag="505" ind1=" " ind2=" ">
              <subfield code="t">TIGER/Line File: Record Type A, Polygon Geographic Entity Codes, Darlington County, South Carolina</subfield>
            </datafield>
            <datafield tag="505" ind1=" " ind2=" ">
              <subfield code="t">TIGER/Line File: Record Type C, Geographic Entity Names, Darlington County, South Carolina</subfield>
            </datafield>
            <datafield tag="505" ind1=" " ind2=" ">
              <subfield code="t">TIGER/Line File: Record Type H, ID History, Darlington County, South Carolina</subfield>
            </datafield>
            <datafield tag="505" ind1=" " ind2=" ">
              <subfield code="t">TIGER/Line File: Record Type I, Link Between Complete Chains and Polygons, Darlington County, South Carolina</subfield>
            </datafield>
            <datafield tag="505" ind1=" " ind2=" ">
              <subfield code="t">TIGER/Line File: Record Type P, Polygon Internal Point, Darlington County, South Carolina</subfield>
            </datafield>
            <datafield tag="505" ind1=" " ind2=" ">
              <subfield code="t">TIGER/Line File: Record Type R, ID Record Number Range, Darlington County, South Carolina</subfield>
            </datafield>
            <datafield tag="505" ind1=" " ind2=" ">
              <subfield code="t">TIGER/Line File: Record Type S, Polygon Additional Geographic Entity Codes, Darlington County, South Carolina</subfield>
            </datafield>
            <datafield tag="505" ind1=" " ind2=" ">
              <subfield code="t">TIGER/Line File: Record Type Z, ZIP+4 Codes, Darlington County, South Carolina</subfield>
            </datafield>
            <datafield tag="505" ind1=" " ind2=" ">
              <subfield code="t">Census Tract Outline Maps: Sheet 1, Darlington County, South Carolina</subfield>
            </datafield>
            <datafield tag="505" ind1=" " ind2=" ">
              <subfield code="t">County Block Maps: Index Map, Darlington County, South Carolina</subfield>
            </datafield>
            <datafield tag="505" ind1=" " ind2=" ">
              <subfield code="t">County Block Maps: Sheet 1, Darlington County, South Carolina</subfield>
            </datafield>
            <datafield tag="505" ind1=" " ind2=" ">
              <subfield code="t">County Block Maps: Sheet 2, Darlington County, South Carolina</subfield>
            </datafield>
            <datafield tag="505" ind1=" " ind2=" ">
              <subfield code="t">County Block Maps: Sheet 3, Darlington County, South Carolina</subfield>
            </datafield>
            <datafield tag="505" ind1=" " ind2=" ">
              <subfield code="t">County Block Maps: Sheet 4, Darlington County, South Carolina</subfield>
            </datafield>
            <datafield tag="505" ind1=" " ind2=" ">
              <subfield code="t">County Block Maps: Sheet 5, Darlington County, South Carolina</subfield>
            </datafield>
            <datafield tag="505" ind1=" " ind2=" ">
              <subfield code="t">County Block Maps: Sheet 6, Darlington County, South Carolina</subfield>
            </datafield>
            <datafield tag="505" ind1=" " ind2=" ">
              <subfield code="t">County Block Maps: Sheet 7, Darlington County, South Carolina</subfield>
            </datafield>
            <datafield tag="505" ind1=" " ind2=" ">
              <subfield code="t">County Block Maps: Sheet 8, Darlington County, South Carolina</subfield>
            </datafield>
            <datafield tag="505" ind1=" " ind2=" ">
              <subfield code="t">County Block Maps: Sheet 8, Inset A, Darlington County, South Carolina</subfield>
            </datafield>
            <datafield tag="505" ind1=" " ind2=" ">
              <subfield code="t">County Block Maps: Sheet 8, Inset B, Darlington County, South Carolina</subfield>
            </datafield>
            <datafield tag="505" ind1=" " ind2=" ">
              <subfield code="t">County Block Maps: Sheet 9, Darlington County, South Carolina</subfield>
            </datafield>
            <datafield tag="505" ind1=" " ind2=" ">
              <subfield code="t">County Block Maps: Sheet 10, Darlington County, South Carolina</subfield>
            </datafield>
            <datafield tag="505" ind1=" " ind2=" ">
              <subfield code="t">County Block Maps: Sheet 11, Darlington County, South Carolina</subfield>
            </datafield>
            <datafield tag="505" ind1=" " ind2=" ">
              <subfield code="t">County Block Maps: Sheet 12, Darlington County, South Carolina</subfield>
            </datafield>
            <datafield tag="505" ind1=" " ind2=" ">
              <subfield code="t">County Block Maps: Sheet 13, Darlington County, South Carolina</subfield>
            </datafield>
            <datafield tag="505" ind1=" " ind2=" ">
              <subfield code="t">County Block Maps: Sheet 14, Darlington County, South Carolina</subfield>
            </datafield>
            <datafield tag="505" ind1=" " ind2=" ">
              <subfield code="t">County Block Maps: Sheet 15, Darlington County, South Carolina</subfield>
            </datafield>
            <datafield tag="505" ind1=" " ind2=" ">
              <subfield code="t">County Block Maps: Sheet 15, Inset A, Darlington County, South Carolina</subfield>
            </datafield>
            <datafield tag="505" ind1=" " ind2=" ">
              <subfield code="t">County Block Maps: Sheet 15, Inset B, Darlington County, South Carolina</subfield>
            </datafield>
            <datafield tag="505" ind1=" " ind2=" ">
              <subfield code="t">County Block Maps: Sheet 16, Darlington County, South Carolina</subfield>
            </datafield>
            <datafield tag="505" ind1=" " ind2=" ">
              <subfield code="t">County Block Maps: Sheet 16, Inset A, Darlington County, South Carolina</subfield>
            </datafield>
            <datafield tag="505" ind1=" " ind2=" ">
              <subfield code="t">County Block Maps: Sheet 17, Darlington County, South Carolina</subfield>
            </datafield>
            <datafield tag="505" ind1=" " ind2=" ">
              <subfield code="t">County Block Maps: Sheet 18, Darlington County, South Carolina</subfield>
            </datafield>
            <datafield tag="505" ind1=" " ind2=" ">
              <subfield code="t">County Block Maps: Sheet 19, Darlington County, South Carolina</subfield>
            </datafield>
            <datafield tag="505" ind1=" " ind2=" ">
              <subfield code="t">County Block Maps: Sheet 20, Darlington County, South Carolina</subfield>
            </datafield>
            <datafield tag="505" ind1=" " ind2=" ">
              <subfield code="t">County Block Maps: Sheet 21, Darlington County, South Carolina</subfield>
            </datafield>
            <datafield tag="505" ind1=" " ind2=" ">
              <subfield code="t">County Block Maps: Sheet 22, Darlington County, South Carolina</subfield>
            </datafield>
            <datafield tag="505" ind1=" " ind2=" ">
              <subfield code="t">County Block Maps: Sheet 23, Darlington County, South Carolina</subfield>
            </datafield>
            <datafield tag="505" ind1=" " ind2=" ">
              <subfield code="t">County Block Maps: Sheet 24, Darlington County, South Carolina</subfield>
            </datafield>
            <datafield tag="505" ind1=" " ind2=" ">
              <subfield code="t">Voting District/State Legislative District Outline Maps: Sheet 1, Darlington County, South Carolina</subfield>
            </datafield>
            <datafield tag="505" ind1=" " ind2=" ">
              <subfield code="t">Voting District/State Legislative District Outline Maps: Sheet 2, Darlington County, South Carolina</subfield>
            </datafield>
            <datafield tag="505" ind1=" " ind2=" ">
              <subfield code="t">Voting District/State Legislative District Outline Maps: Sheet 3, Darlington County, South Carolina</subfield>
            </datafield>
            <datafield tag="505" ind1=" " ind2=" ">
              <subfield code="t">Voting District/State Legislative District Outline Maps: Sheet 4, Darlington County, South Carolina</subfield>
            </datafield>
            <datafield tag="505" ind1=" " ind2=" ">
              <subfield code="t">Census Tract Outline Maps: Fairfield County, South Carolina</subfield>
            </datafield>
            <datafield tag="505" ind1=" " ind2=" ">
              <subfield code="t">County Block Maps: Fairfield County, South Carolina</subfield>
            </datafield>
            <datafield tag="505" ind1=" " ind2=" ">
              <subfield code="t">Voting District/State Legislative District Outline Maps: Fairfield County, South Carolina</subfield>
            </datafield>
            <datafield tag="505" ind1=" " ind2=" ">
              <subfield code="t">TIGER/Line File: Record Type 1, Complete Chain Basic Data Record, Fairfield County, South Carolina</subfield>
            </datafield>
            <datafield tag="505" ind1=" " ind2=" ">
              <subfield code="t">TIGER/Line File: Record Type 2, Complete Chain Shape Coordinates, Fairfield County, South Carolina</subfield>
            </datafield>
            <datafield tag="505" ind1=" " ind2=" ">
              <subfield code="t">TIGER/Line File: Record Type 3, Complete Chain Geographic Entity Codes, Fairfield County, South Carolina</subfield>
            </datafield>
            <datafield tag="505" ind1=" " ind2=" ">
              <subfield code="t">TIGER/Line File: Record Type 4, Index to Alternate Feature Identifiers, Fairfield County, South Carolina</subfield>
            </datafield>
            <datafield tag="505" ind1=" " ind2=" ">
              <subfield code="t">TIGER/Line File: Record Type 5, Complete Chain Feature Identifiers, Fairfield County, South Carolina</subfield>
            </datafield>
            <datafield tag="505" ind1=" " ind2=" ">
              <subfield code="t">TIGER/Line File: Record Type 6, Additional Address Range and ZIP Code Data, Fairfield County, South Carolina</subfield>
            </datafield>
            <datafield tag="505" ind1=" " ind2=" ">
              <subfield code="t">TIGER/Line File: Record Type 7, Landmark Features, Fairfield County, South Carolina</subfield>
            </datafield>
            <datafield tag="505" ind1=" " ind2=" ">
              <subfield code="t">TIGER/Line File: Record Type 8, Polygons Linked to Area Landmarks, Fairfield County, South Carolina</subfield>
            </datafield>
            <datafield tag="505" ind1=" " ind2=" ">
              <subfield code="t">TIGER/Line File: Record Type 9, Key Geographic Location Features, Fairfield County, South Carolina</subfield>
            </datafield>
            <datafield tag="505" ind1=" " ind2=" ">
              <subfield code="t">TIGER/Line File: Record Type A, Polygon Geographic Entity Codes, Fairfield County, South Carolina</subfield>
            </datafield>
            <datafield tag="505" ind1=" " ind2=" ">
              <subfield code="t">TIGER/Line File: Record Type C, Geographic Entity Names, Fairfield County, South Carolina</subfield>
            </datafield>
            <datafield tag="505" ind1=" " ind2=" ">
              <subfield code="t">TIGER/Line File: Record Type H, ID History, Fairfield County, South Carolina</subfield>
            </datafield>
            <datafield tag="505" ind1=" " ind2=" ">
              <subfield code="t">TIGER/Line File: Record Type I, Link Between Complete Chains and Polygons, Fairfield County, South Carolina</subfield>
            </datafield>
            <datafield tag="505" ind1=" " ind2=" ">
              <subfield code="t">TIGER/Line File: Record Type P, Polygon Internal Point, Fairfield County, South Carolina</subfield>
            </datafield>
            <datafield tag="505" ind1=" " ind2=" ">
              <subfield code="t">TIGER/Line File: Record Type R, ID Record Number Range, Fairfield County, South Carolina</subfield>
            </datafield>
            <datafield tag="505" ind1=" " ind2=" ">
              <subfield code="t">TIGER/Line File: Record Type S, Polygon Additional Geographic Entity Codes, Fairfield County, South Carolina</subfield>
            </datafield>
            <datafield tag="505" ind1=" " ind2=" ">
              <subfield code="t">TIGER/Line File: Record Type Z, ZIP+4 Codes, Fairfield County, South Carolina</subfield>
            </datafield>
            <datafield tag="505" ind1=" " ind2=" ">
              <subfield code="t">Census Tract Outline Maps: Sheet 1, Fairfield County, South Carolina</subfield>
            </datafield>
            <datafield tag="505" ind1=" " ind2=" ">
              <subfield code="t">County Block Maps: Index Map, Fairfield County, South Carolina</subfield>
            </datafield>
            <datafield tag="505" ind1=" " ind2=" ">
              <subfield code="t">County Block Maps: Sheet 1, Fairfield County, South Carolina</subfield>
            </datafield>
            <datafield tag="505" ind1=" " ind2=" ">
              <subfield code="t">County Block Maps: Sheet 2, Fairfield County, South Carolina</subfield>
            </datafield>
            <datafield tag="505" ind1=" " ind2=" ">
              <subfield code="t">County Block Maps: Sheet 2, Inset A, Fairfield County, South Carolina</subfield>
            </datafield>
            <datafield tag="505" ind1=" " ind2=" ">
              <subfield code="t">County Block Maps: Sheet 3, Fairfield County, South Carolina</subfield>
            </datafield>
            <datafield tag="505" ind1=" " ind2=" ">
              <subfield code="t">County Block Maps: Sheet 4, Fairfield County, South Carolina</subfield>
            </datafield>
            <datafield tag="505" ind1=" " ind2=" ">
              <subfield code="t">County Block Maps: Sheet 5, Fairfield County, South Carolina</subfield>
            </datafield>
            <datafield tag="505" ind1=" " ind2=" ">
              <subfield code="t">County Block Maps: Sheet 5, Inset A, Fairfield County, South Carolina</subfield>
            </datafield>
            <datafield tag="505" ind1=" " ind2=" ">
              <subfield code="t">County Block Maps: Sheet 6, Fairfield County, South Carolina</subfield>
            </datafield>
            <datafield tag="505" ind1=" " ind2=" ">
              <subfield code="t">County Block Maps: Sheet 6, Inset A, Fairfield County, South Carolina</subfield>
            </datafield>
            <datafield tag="505" ind1=" " ind2=" ">
              <subfield code="t">Voting District/State Legislative District Outline Maps: Sheet 1, Fairfield County, South Carolina</subfield>
            </datafield>
            <datafield tag="505" ind1=" " ind2=" ">
              <subfield code="t">Voting District/State Legislative District Outline Maps: Sheet 2, Fairfield County, South Carolina</subfield>
            </datafield>
            <datafield tag="505" ind1=" " ind2=" ">
              <subfield code="t">Census Tract Outline Maps: Kershaw County, South Carolina</subfield>
            </datafield>
            <datafield tag="505" ind1=" " ind2=" ">
              <subfield code="t">County Block Maps: Kershaw County, South Carolina</subfield>
            </datafield>
            <datafield tag="505" ind1=" " ind2=" ">
              <subfield code="t">Voting District/State Legislative District Outline Maps: Kershaw County, South Carolina</subfield>
            </datafield>
            <datafield tag="505" ind1=" " ind2=" ">
              <subfield code="t">TIGER/Line File: Record Type 1, Complete Chain Basic Data Record, Kershaw County, South Carolina</subfield>
            </datafield>
            <datafield tag="505" ind1=" " ind2=" ">
              <subfield code="t">TIGER/Line File: Record Type 2, Complete Chain Shape Coordinates, Kershaw County, South Carolina</subfield>
            </datafield>
            <datafield tag="505" ind1=" " ind2=" ">
              <subfield code="t">TIGER/Line File: Record Type 3, Complete Chain Geographic Entity Codes, Kershaw County, South Carolina</subfield>
            </datafield>
            <datafield tag="505" ind1=" " ind2=" ">
              <subfield code="t">TIGER/Line File: Record Type 4, Index to Alternate Feature Identifiers, Kershaw County, South Carolina</subfield>
            </datafield>
            <datafield tag="505" ind1=" " ind2=" ">
              <subfield code="t">TIGER/Line File: Record Type 5, Complete Chain Feature Identifiers, Kershaw County, South Carolina</subfield>
            </datafield>
            <datafield tag="505" ind1=" " ind2=" ">
              <subfield code="t">TIGER/Line File: Record Type 6, Additional Address Range and ZIP Code Data, Kershaw County, South Carolina</subfield>
            </datafield>
            <datafield tag="505" ind1=" " ind2=" ">
              <subfield code="t">TIGER/Line File: Record Type 7, Landmark Features, Kershaw County, South Carolina</subfield>
            </datafield>
            <datafield tag="505" ind1=" " ind2=" ">
              <subfield code="t">TIGER/Line File: Record Type 8, Polygons Linked to Area Landmarks, Kershaw County, South Carolina</subfield>
            </datafield>
            <datafield tag="505" ind1=" " ind2=" ">
              <subfield code="t">TIGER/Line File: Record Type 9, Key Geographic Location Features, Kershaw County, South Carolina</subfield>
            </datafield>
            <datafield tag="505" ind1=" " ind2=" ">
              <subfield code="t">TIGER/Line File: Record Type A, Polygon Geographic Entity Codes, Kershaw County, South Carolina</subfield>
            </datafield>
            <datafield tag="505" ind1=" " ind2=" ">
              <subfield code="t">TIGER/Line File: Record Type C, Geographic Entity Names, Kershaw County, South Carolina</subfield>
            </datafield>
            <datafield tag="505" ind1=" " ind2=" ">
              <subfield code="t">TIGER/Line File: Record Type H, ID History, Kershaw County, South Carolina</subfield>
            </datafield>
            <datafield tag="505" ind1=" " ind2=" ">
              <subfield code="t">TIGER/Line File: Record Type I, Link Between Complete Chains and Polygons, Kershaw County, South Carolina</subfield>
            </datafield>
            <datafield tag="505" ind1=" " ind2=" ">
              <subfield code="t">TIGER/Line File: Record Type P, Polygon Internal Point, Kershaw County, South Carolina</subfield>
            </datafield>
            <datafield tag="505" ind1=" " ind2=" ">
              <subfield code="t">TIGER/Line File: Record Type R, ID Record Number Range, Kershaw County, South Carolina</subfield>
            </datafield>
            <datafield tag="505" ind1=" " ind2=" ">
              <subfield code="t">TIGER/Line File: Record Type S, Polygon Additional Geographic Entity Codes, Kershaw County, South Carolina</subfield>
            </datafield>
            <datafield tag="505" ind1=" " ind2=" ">
              <subfield code="t">TIGER/Line File: Record Type Z, ZIP+4 Codes, Kershaw County, South Carolina</subfield>
            </datafield>
            <datafield tag="505" ind1=" " ind2=" ">
              <subfield code="t">Census Tract Outline Maps: Sheet 1, Kershaw County, South Carolina</subfield>
            </datafield>
            <datafield tag="505" ind1=" " ind2=" ">
              <subfield code="t">County Block Maps: Index Map, Kershaw County, South Carolina</subfield>
            </datafield>
            <datafield tag="505" ind1=" " ind2=" ">
              <subfield code="t">County Block Maps: Sheet 1, Kershaw County, South Carolina</subfield>
            </datafield>
            <datafield tag="505" ind1=" " ind2=" ">
              <subfield code="t">County Block Maps: Sheet 2, Kershaw County, South Carolina</subfield>
            </datafield>
            <datafield tag="505" ind1=" " ind2=" ">
              <subfield code="t">County Block Maps: Sheet 3, Kershaw County, South Carolina</subfield>
            </datafield>
            <datafield tag="505" ind1=" " ind2=" ">
              <subfield code="t">County Block Maps: Sheet 4, Kershaw County, South Carolina</subfield>
            </datafield>
            <datafield tag="505" ind1=" " ind2=" ">
              <subfield code="t">County Block Maps: Sheet 5, Kershaw County, South Carolina</subfield>
            </datafield>
            <datafield tag="505" ind1=" " ind2=" ">
              <subfield code="t">County Block Maps: Sheet 6, Kershaw County, South Carolina</subfield>
            </datafield>
            <datafield tag="505" ind1=" " ind2=" ">
              <subfield code="t">County Block Maps: Sheet 7, Kershaw County, South Carolina</subfield>
            </datafield>
            <datafield tag="505" ind1=" " ind2=" ">
              <subfield code="t">County Block Maps: Sheet 8, Kershaw County, South Carolina</subfield>
            </datafield>
            <datafield tag="505" ind1=" " ind2=" ">
              <subfield code="t">County Block Maps: Sheet 9, Kershaw County, South Carolina</subfield>
            </datafield>
            <datafield tag="505" ind1=" " ind2=" ">
              <subfield code="t">County Block Maps: Sheet 10, Kershaw County, South Carolina</subfield>
            </datafield>
            <datafield tag="505" ind1=" " ind2=" ">
              <subfield code="t">County Block Maps: Sheet 11, Kershaw County, South Carolina</subfield>
            </datafield>
            <datafield tag="505" ind1=" " ind2=" ">
              <subfield code="t">County Block Maps: Sheet 12, Kershaw County, South Carolina</subfield>
            </datafield>
            <datafield tag="505" ind1=" " ind2=" ">
              <subfield code="t">County Block Maps: Sheet 13, Kershaw County, South Carolina</subfield>
            </datafield>
            <datafield tag="505" ind1=" " ind2=" ">
              <subfield code="t">County Block Maps: Sheet 14, Kershaw County, South Carolina</subfield>
            </datafield>
            <datafield tag="505" ind1=" " ind2=" ">
              <subfield code="t">County Block Maps: Sheet 15, Kershaw County, South Carolina</subfield>
            </datafield>
            <datafield tag="505" ind1=" " ind2=" ">
              <subfield code="t">County Block Maps: Sheet 16, Kershaw County, South Carolina</subfield>
            </datafield>
            <datafield tag="505" ind1=" " ind2=" ">
              <subfield code="t">County Block Maps: Sheet 17, Kershaw County, South Carolina</subfield>
            </datafield>
            <datafield tag="505" ind1=" " ind2=" ">
              <subfield code="t">County Block Maps: Sheet 18, Kershaw County, South Carolina</subfield>
            </datafield>
            <datafield tag="505" ind1=" " ind2=" ">
              <subfield code="t">County Block Maps: Sheet 19, Kershaw County, South Carolina</subfield>
            </datafield>
            <datafield tag="505" ind1=" " ind2=" ">
              <subfield code="t">County Block Maps: Sheet 20, Kershaw County, South Carolina</subfield>
            </datafield>
            <datafield tag="505" ind1=" " ind2=" ">
              <subfield code="t">County Block Maps: Sheet 21, Kershaw County, South Carolina</subfield>
            </datafield>
            <datafield tag="505" ind1=" " ind2=" ">
              <subfield code="t">County Block Maps: Sheet 22, Kershaw County, South Carolina</subfield>
            </datafield>
            <datafield tag="505" ind1=" " ind2=" ">
              <subfield code="t">County Block Maps: Sheet 23, Kershaw County, South Carolina</subfield>
            </datafield>
            <datafield tag="505" ind1=" " ind2=" ">
              <subfield code="t">County Block Maps: Sheet 24, Kershaw County, South Carolina</subfield>
            </datafield>
            <datafield tag="505" ind1=" " ind2=" ">
              <subfield code="t">County Block Maps: Sheet 24, Inset A, Kershaw County, South Carolina</subfield>
            </datafield>
            <datafield tag="505" ind1=" " ind2=" ">
              <subfield code="t">County Block Maps: Sheet 25, Kershaw County, South Carolina</subfield>
            </datafield>
            <datafield tag="505" ind1=" " ind2=" ">
              <subfield code="t">County Block Maps: Sheet 26, Kershaw County, South Carolina</subfield>
            </datafield>
            <datafield tag="505" ind1=" " ind2=" ">
              <subfield code="t">County Block Maps: Sheet 27, Kershaw County, South Carolina</subfield>
            </datafield>
            <datafield tag="505" ind1=" " ind2=" ">
              <subfield code="t">County Block Maps: Sheet 28, Kershaw County, South Carolina</subfield>
            </datafield>
            <datafield tag="505" ind1=" " ind2=" ">
              <subfield code="t">County Block Maps: Sheet 29, Kershaw County, South Carolina</subfield>
            </datafield>
            <datafield tag="505" ind1=" " ind2=" ">
              <subfield code="t">County Block Maps: Sheet 30, Kershaw County, South Carolina</subfield>
            </datafield>
            <datafield tag="505" ind1=" " ind2=" ">
              <subfield code="t">Voting District/State Legislative District Outline Maps: Sheet 1, Kershaw County, South Carolina</subfield>
            </datafield>
            <datafield tag="505" ind1=" " ind2=" ">
              <subfield code="t">Voting District/State Legislative District Outline Maps: Sheet 2, Kershaw County, South Carolina</subfield>
            </datafield>
            <datafield tag="505" ind1=" " ind2=" ">
              <subfield code="t">Voting District/State Legislative District Outline Maps: Sheet 3, Kershaw County, South Carolina</subfield>
            </datafield>
            <datafield tag="505" ind1=" " ind2=" ">
              <subfield code="t">Voting District/State Legislative District Outline Maps: Sheet 4, Kershaw County, South Carolina</subfield>
            </datafield>
            <datafield tag="505" ind1=" " ind2=" ">
              <subfield code="t">Census Tract Outline Maps: Lancaster County, South Carolina</subfield>
            </datafield>
            <datafield tag="505" ind1=" " ind2=" ">
              <subfield code="t">County Block Maps: Lancaster County, South Carolina</subfield>
            </datafield>
            <datafield tag="505" ind1=" " ind2=" ">
              <subfield code="t">Voting District/State Legislative District Outline Maps: Lancaster County, South Carolina</subfield>
            </datafield>
            <datafield tag="505" ind1=" " ind2=" ">
              <subfield code="t">TIGER/Line File: Record Type 1, Complete Chain Basic Data Record, Lancaster County, South Carolina</subfield>
            </datafield>
            <datafield tag="505" ind1=" " ind2=" ">
              <subfield code="t">TIGER/Line File: Record Type 2, Complete Chain Shape Coordinates, Lancaster County, South Carolina</subfield>
            </datafield>
            <datafield tag="505" ind1=" " ind2=" ">
              <subfield code="t">TIGER/Line File: Record Type 3, Complete Chain Geographic Entity Codes, Lancaster County, South Carolina</subfield>
            </datafield>
            <datafield tag="505" ind1=" " ind2=" ">
              <subfield code="t">TIGER/Line File: Record Type 4, Index to Alternate Feature Identifiers, Lancaster County, South Carolina</subfield>
            </datafield>
            <datafield tag="505" ind1=" " ind2=" ">
              <subfield code="t">TIGER/Line File: Record Type 5, Complete Chain Feature Identifiers, Lancaster County, South Carolina</subfield>
            </datafield>
            <datafield tag="505" ind1=" " ind2=" ">
              <subfield code="t">TIGER/Line File: Record Type 6, Additional Address Range and ZIP Code Data, Lancaster County, South Carolina</subfield>
            </datafield>
            <datafield tag="505" ind1=" " ind2=" ">
              <subfield code="t">TIGER/Line File: Record Type 7, Landmark Features, Lancaster County, South Carolina</subfield>
            </datafield>
            <datafield tag="505" ind1=" " ind2=" ">
              <subfield code="t">TIGER/Line File: Record Type 8, Polygons Linked to Area Landmarks, Lancaster County, South Carolina</subfield>
            </datafield>
            <datafield tag="505" ind1=" " ind2=" ">
              <subfield code="t">TIGER/Line File: Record Type 9, Key Geographic Location Features, Lancaster County, South Carolina</subfield>
            </datafield>
            <datafield tag="505" ind1=" " ind2=" ">
              <subfield code="t">TIGER/Line File: Record Type A, Polygon Geographic Entity Codes, Lancaster County, South Carolina</subfield>
            </datafield>
            <datafield tag="505" ind1=" " ind2=" ">
              <subfield code="t">TIGER/Line File: Record Type C, Geographic Entity Names, Lancaster County, South Carolina</subfield>
            </datafield>
            <datafield tag="505" ind1=" " ind2=" ">
              <subfield code="t">TIGER/Line File: Record Type H, ID History, Lancaster County, South Carolina</subfield>
            </datafield>
            <datafield tag="505" ind1=" " ind2=" ">
              <subfield code="t">TIGER/Line File: Record Type I, Link Between Complete Chains and Polygons, Lancaster County, South Carolina</subfield>
            </datafield>
            <datafield tag="505" ind1=" " ind2=" ">
              <subfield code="t">TIGER/Line File: Record Type P, Polygon Internal Point, Lancaster County, South Carolina</subfield>
            </datafield>
            <datafield tag="505" ind1=" " ind2=" ">
              <subfield code="t">TIGER/Line File: Record Type R, ID Record Number Range, Lancaster County, South Carolina</subfield>
            </datafield>
            <datafield tag="505" ind1=" " ind2=" ">
              <subfield code="t">TIGER/Line File: Record Type S, Polygon Additional Geographic Entity Codes, Lancaster County, South Carolina</subfield>
            </datafield>
            <datafield tag="505" ind1=" " ind2=" ">
              <subfield code="t">TIGER/Line File: Record Type Z, ZIP+4 Codes, Lancaster County, South Carolina</subfield>
            </datafield>
            <datafield tag="505" ind1=" " ind2=" ">
              <subfield code="t">Census Tract Outline Maps: Sheet 1, Lancaster County, South Carolina</subfield>
            </datafield>
            <datafield tag="505" ind1=" " ind2=" ">
              <subfield code="t">County Block Maps: Index Map, Lancaster County, South Carolina</subfield>
            </datafield>
            <datafield tag="505" ind1=" " ind2=" ">
              <subfield code="t">County Block Maps: Sheet 1, Lancaster County, South Carolina HP-GL)</subfield>
            </datafield>
            <datafield tag="505" ind1=" " ind2=" ">
              <subfield code="t">County Block Maps: Sheet 2, Lancaster County, South Carolina</subfield>
            </datafield>
            <datafield tag="505" ind1=" " ind2=" ">
              <subfield code="t">County Block Maps: Sheet 3, Lancaster County, South Carolina</subfield>
            </datafield>
            <datafield tag="505" ind1=" " ind2=" ">
              <subfield code="t">County Block Maps: Sheet 4, Lancaster County, South Carolina</subfield>
            </datafield>
            <datafield tag="505" ind1=" " ind2=" ">
              <subfield code="t">County Block Maps: Sheet 5, Lancaster County, South Carolina</subfield>
            </datafield>
            <datafield tag="505" ind1=" " ind2=" ">
              <subfield code="t">County Block Maps: Sheet 6, Lancaster County, South Carolina</subfield>
            </datafield>
            <datafield tag="505" ind1=" " ind2=" ">
              <subfield code="t">County Block Maps: Sheet 6, Inset A, Lancaster County, South Carolina</subfield>
            </datafield>
            <datafield tag="505" ind1=" " ind2=" ">
              <subfield code="t">County Block Maps: Sheet 6, Inset B, Lancaster County, South Carolina</subfield>
            </datafield>
            <datafield tag="505" ind1=" " ind2=" ">
              <subfield code="t">County Block Maps: Sheet 7, Lancaster County, South Carolina</subfield>
            </datafield>
            <datafield tag="505" ind1=" " ind2=" ">
              <subfield code="t">County Block Maps: Sheet 8, Lancaster County, South Carolina</subfield>
            </datafield>
            <datafield tag="505" ind1=" " ind2=" ">
              <subfield code="t">County Block Maps: Sheet 9, Lancaster County, South Carolina</subfield>
            </datafield>
            <datafield tag="505" ind1=" " ind2=" ">
              <subfield code="t">County Block Maps: Sheet 10, Lancaster County, South Carolina</subfield>
            </datafield>
            <datafield tag="505" ind1=" " ind2=" ">
              <subfield code="t">County Block Maps: Sheet 11, Lancaster County, South Carolina</subfield>
            </datafield>
            <datafield tag="505" ind1=" " ind2=" ">
              <subfield code="t">County Block Maps: Sheet 12, Lancaster County, South Carolina</subfield>
            </datafield>
            <datafield tag="505" ind1=" " ind2=" ">
              <subfield code="t">County Block Maps: Sheet 13, Lancaster County, South Carolina</subfield>
            </datafield>
            <datafield tag="505" ind1=" " ind2=" ">
              <subfield code="t">County Block Maps: Sheet 14, Lancaster County, South Carolina</subfield>
            </datafield>
            <datafield tag="505" ind1=" " ind2=" ">
              <subfield code="t">County Block Maps: Sheet 15, Lancaster County, South Carolina</subfield>
            </datafield>
            <datafield tag="505" ind1=" " ind2=" ">
              <subfield code="t">County Block Maps: Sheet 15, Inset A, Lancaster County, South Carolina</subfield>
            </datafield>
            <datafield tag="505" ind1=" " ind2=" ">
              <subfield code="t">Voting District/State Legislative District Outline Maps: Sheet 1, Lancaster County, South Carolina</subfield>
            </datafield>
            <datafield tag="505" ind1=" " ind2=" ">
              <subfield code="t">Voting District/State Legislative District Outline Maps: Sheet 2, Lancaster County, South Carolina</subfield>
            </datafield>
            <datafield tag="505" ind1=" " ind2=" ">
              <subfield code="t">Census Tract Outline Maps: Lee County, South Carolina</subfield>
            </datafield>
            <datafield tag="505" ind1=" " ind2=" ">
              <subfield code="t">County Block Maps: Lee County, South Carolina</subfield>
            </datafield>
            <datafield tag="505" ind1=" " ind2=" ">
              <subfield code="t">Voting District/State Legislative District Outline Maps: Lee County, South Carolina</subfield>
            </datafield>
            <datafield tag="505" ind1=" " ind2=" ">
              <subfield code="t">TIGER/Line File: Record Type 1, Complete Chain Basic Data Record, Lee County, South Carolina</subfield>
            </datafield>
            <datafield tag="505" ind1=" " ind2=" ">
              <subfield code="t">TIGER/Line File: Record Type 2, Complete Chain Shape Coordinates, Lee County, South Carolina</subfield>
            </datafield>
            <datafield tag="505" ind1=" " ind2=" ">
              <subfield code="t">TIGER/Line File: Record Type 3, Complete Chain Geographic Entity Codes, Lee County, South Carolina</subfield>
            </datafield>
            <datafield tag="505" ind1=" " ind2=" ">
              <subfield code="t">TIGER/Line File: Record Type 4, Index to Alternate Feature Identifiers, Lee County, South Carolina</subfield>
            </datafield>
            <datafield tag="505" ind1=" " ind2=" ">
              <subfield code="t">TIGER/Line File: Record Type 5, Complete Chain Feature Identifiers, Lee County, South Carolina</subfield>
            </datafield>
            <datafield tag="505" ind1=" " ind2=" ">
              <subfield code="t">TIGER/Line File: Record Type 6, Additional Address Range and ZIP Code Data, Lee County, South Carolina</subfield>
            </datafield>
            <datafield tag="505" ind1=" " ind2=" ">
              <subfield code="t">TIGER/Line File: Record Type 7, Landmark Features, Lee County, South Carolina</subfield>
            </datafield>
            <datafield tag="505" ind1=" " ind2=" ">
              <subfield code="t">TIGER/Line File: Record Type 8, Polygons Linked to Area Landmarks, Lee County, South Carolina</subfield>
            </datafield>
            <datafield tag="505" ind1=" " ind2=" ">
              <subfield code="t">TIGER/Line File: Record Type 9, Key Geographic Location Features, Lee County, South Carolina</subfield>
            </datafield>
            <datafield tag="505" ind1=" " ind2=" ">
              <subfield code="t">TIGER/Line File: Record Type A, Polygon Geographic Entity Codes, Lee County, South Carolina</subfield>
            </datafield>
            <datafield tag="505" ind1=" " ind2=" ">
              <subfield code="t">TIGER/Line File: Record Type C, Geographic Entity Names, Lee County, South Carolina</subfield>
            </datafield>
            <datafield tag="505" ind1=" " ind2=" ">
              <subfield code="t">TIGER/Line File: Record Type H, ID History, Lee County, South Carolina</subfield>
            </datafield>
            <datafield tag="505" ind1=" " ind2=" ">
              <subfield code="t">TIGER/Line File: Record Type I, Link Between Complete Chains and Polygons, Lee County, South Carolina</subfield>
            </datafield>
            <datafield tag="505" ind1=" " ind2=" ">
              <subfield code="t">TIGER/Line File: Record Type P, Polygon Internal Point, Lee County, South Carolina</subfield>
            </datafield>
            <datafield tag="505" ind1=" " ind2=" ">
              <subfield code="t">TIGER/Line File: Record Type R, ID Record Number Range, Lee County, South Carolina</subfield>
            </datafield>
            <datafield tag="505" ind1=" " ind2=" ">
              <subfield code="t">TIGER/Line File: Record Type S, Polygon Additional Geographic Entity Codes, Lee County, South Carolina</subfield>
            </datafield>
            <datafield tag="505" ind1=" " ind2=" ">
              <subfield code="t">TIGER/Line File: Record Type Z, ZIP+4 Codes, Lee County, South Carolina</subfield>
            </datafield>
            <datafield tag="505" ind1=" " ind2=" ">
              <subfield code="t">Census Tract Outline Maps: Sheet 1, Lee County, South Carolina</subfield>
            </datafield>
            <datafield tag="505" ind1=" " ind2=" ">
              <subfield code="t">County Block Maps: Index Map, Lee County, South Carolina</subfield>
            </datafield>
            <datafield tag="505" ind1=" " ind2=" ">
              <subfield code="t">County Block Maps: Sheet 1, Lee County, South Carolina</subfield>
            </datafield>
            <datafield tag="505" ind1=" " ind2=" ">
              <subfield code="t">County Block Maps: Sheet 2, Lee County, South Carolina</subfield>
            </datafield>
            <datafield tag="505" ind1=" " ind2=" ">
              <subfield code="t">County Block Maps: Sheet 3, Lee County, South Carolina</subfield>
            </datafield>
            <datafield tag="505" ind1=" " ind2=" ">
              <subfield code="t">County Block Maps: Sheet 4, Lee County, South Carolina</subfield>
            </datafield>
            <datafield tag="505" ind1=" " ind2=" ">
              <subfield code="t">County Block Maps: Sheet 5, Lee County, South Carolina</subfield>
            </datafield>
            <datafield tag="505" ind1=" " ind2=" ">
              <subfield code="t">County Block Maps: Sheet 5, Inset A, Lee County, South Carolina</subfield>
            </datafield>
            <datafield tag="505" ind1=" " ind2=" ">
              <subfield code="t">County Block Maps: Sheet 6, Lee County, South Carolina</subfield>
            </datafield>
            <datafield tag="505" ind1=" " ind2=" ">
              <subfield code="t">County Block Maps: Sheet 7, Lee County, South Carolina</subfield>
            </datafield>
            <datafield tag="505" ind1=" " ind2=" ">
              <subfield code="t">County Block Maps: Sheet 8, Lee County, South Carolina</subfield>
            </datafield>
            <datafield tag="505" ind1=" " ind2=" ">
              <subfield code="t">Voting District/State Legislative District Outline Maps: Sheet 1, Lee County, South Carolina</subfield>
            </datafield>
            <datafield tag="505" ind1=" " ind2=" ">
              <subfield code="t">TIGER/Line File: Record Type 1, Complete Chain Basic Data Record, Parts of Columbia and Irmo in Lexington County, South Carolina</subfield>
            </datafield>
            <datafield tag="505" ind1=" " ind2=" ">
              <subfield code="t">TIGER/Line File: Record Type 2, Complete Chain Shape Coordinates, Parts of Columbia and Irmo in Lexington County, South Carolina</subfield>
            </datafield>
            <datafield tag="505" ind1=" " ind2=" ">
              <subfield code="t">TIGER/Line File: Record Type 3, Complete Geographic Entity Codes, Parts of Columbia and Irmo in Lexington County, South Carolina</subfield>
            </datafield>
            <datafield tag="505" ind1=" " ind2=" ">
              <subfield code="t">TIGER/Line File: Record Type 4, Index to Alternate Feature Identifiers, Parts of Columbia and Irmo in Lexington County, South Carolina</subfield>
            </datafield>
            <datafield tag="505" ind1=" " ind2=" ">
              <subfield code="t">TIGER/Line File: Record Type 5, Complete Chain Feature Identifiers, Parts of Columbia and Irmo in Lexington County, South Carolina</subfield>
            </datafield>
            <datafield tag="505" ind1=" " ind2=" ">
              <subfield code="t">TIGER/Line File: Record Type 6, Additional Address Range and ZIP Code Data, Parts of Columbia and Irmo in Lexington County, South Carolina</subfield>
            </datafield>
            <datafield tag="505" ind1=" " ind2=" ">
              <subfield code="t">TIGER/Line File: Record Type A, Polygon Geographic Entity Codes, Parts of Columbia and Irmo in Lexington County, South Carolina</subfield>
            </datafield>
            <datafield tag="505" ind1=" " ind2=" ">
              <subfield code="t">TIGER/Line File: Record Type C, Geographic Entity Names, the parts of Columbia (city) and Irmo in Lexington County, South Carolina</subfield>
            </datafield>
            <datafield tag="505" ind1=" " ind2=" ">
              <subfield code="t">TIGER/Line File: Record Type H, ID History, the parts of Columbia (city) and Irmo in Lexington County, South Carolina</subfield>
            </datafield>
            <datafield tag="505" ind1=" " ind2=" ">
              <subfield code="t">TIGER/Line File: Record Type I, Link Between Complete Chains and Polygons, Parts of Columbia and Irmo in Lexington County, South Carolina</subfield>
            </datafield>
            <datafield tag="505" ind1=" " ind2=" ">
              <subfield code="t">TIGER/Line File: Record Type P, Polygon Internal Point, the parts of Columbia (city) and Irmo in Lexington County, South Carolina</subfield>
            </datafield>
            <datafield tag="505" ind1=" " ind2=" ">
              <subfield code="t">TIGER/Line File: Record Type R, ID Record Number Range, the parts of Columbia (city) and Irmo in Lexington County, South Carolina</subfield>
            </datafield>
            <datafield tag="505" ind1=" " ind2=" ">
              <subfield code="t">TIGER/Line File: Record Type S, Polygon Additional Geographic Entity Codes, Parts of Columbia and Irmo in Lexington County, South Carolina</subfield>
            </datafield>
            <datafield tag="505" ind1=" " ind2=" ">
              <subfield code="t">TIGER/Line File: Record Type Z, ZIP+4 Codes, the parts of Columbia (city) and Irmo in Lexington County, South Carolina</subfield>
            </datafield>
            <datafield tag="505" ind1=" " ind2=" ">
              <subfield code="t">Census Tract Outline Maps: Marlboro County, South Carolina</subfield>
            </datafield>
            <datafield tag="505" ind1=" " ind2=" ">
              <subfield code="t">County Block Maps: Marlboro County, South Carolina</subfield>
            </datafield>
            <datafield tag="505" ind1=" " ind2=" ">
              <subfield code="t">Voting District/State Legislative District Outline Maps: Marlboro County, South Carolina</subfield>
            </datafield>
            <datafield tag="505" ind1=" " ind2=" ">
              <subfield code="t">TIGER/Line File: Record Type 1, Complete Chain Basic Data Record, Marlboro County, South Carolina</subfield>
            </datafield>
            <datafield tag="505" ind1=" " ind2=" ">
              <subfield code="t">TIGER/Line File: Record Type 2, Complete Chain Shape Coordinates, Marlboro County, South Carolina</subfield>
            </datafield>
            <datafield tag="505" ind1=" " ind2=" ">
              <subfield code="t">TIGER/Line File: Record Type 3, Complete Chain Geographic Entity Codes, Marlboro County, South Carolina</subfield>
            </datafield>
            <datafield tag="505" ind1=" " ind2=" ">
              <subfield code="t">TIGER/Line File: Record Type 4, Index to Alternate Feature Identifiers, Marlboro County, South Carolina</subfield>
            </datafield>
            <datafield tag="505" ind1=" " ind2=" ">
              <subfield code="t">TIGER/Line File: Record Type 5, Complete Chain Feature Identifiers, Marlboro County, South Carolina</subfield>
            </datafield>
            <datafield tag="505" ind1=" " ind2=" ">
              <subfield code="t">TIGER/Line File: Record Type 6, Additional Address Range and ZIP Code Data, Marlboro County, South Carolina</subfield>
            </datafield>
            <datafield tag="505" ind1=" " ind2=" ">
              <subfield code="t">TIGER/Line File: Record Type 7, Landmark Features, Marlboro County, South Carolina</subfield>
            </datafield>
            <datafield tag="505" ind1=" " ind2=" ">
              <subfield code="t">TIGER/Line File: Record Type 8, Polygons Linked to Area Landmarks, Marlboro County, South Carolina</subfield>
            </datafield>
            <datafield tag="505" ind1=" " ind2=" ">
              <subfield code="t">TIGER/Line File: Record Type 9, Key Geographic Location Features, Marlboro County, South Carolina</subfield>
            </datafield>
            <datafield tag="505" ind1=" " ind2=" ">
              <subfield code="t">TIGER/Line File: Record Type A, Polygon Geographic Entity Codes, Marlboro County, South Carolina</subfield>
            </datafield>
            <datafield tag="505" ind1=" " ind2=" ">
              <subfield code="t">TIGER/Line File: Record Type C, Geographic Entity Names, Marlboro County, South Carolina</subfield>
            </datafield>
            <datafield tag="505" ind1=" " ind2=" ">
              <subfield code="t">TIGER/Line File: Record Type H, ID History, Marlboro County, South Carolina</subfield>
            </datafield>
            <datafield tag="505" ind1=" " ind2=" ">
              <subfield code="t">TIGER/Line File: Record Type I, Link Between Complete Chains and Polygons, Marlboro County, South Carolina</subfield>
            </datafield>
            <datafield tag="505" ind1=" " ind2=" ">
              <subfield code="t">TIGER/Line File: Record Type P, Polygon Internal Point, Marlboro County, South Carolina</subfield>
            </datafield>
            <datafield tag="505" ind1=" " ind2=" ">
              <subfield code="t">TIGER/Line File: Record Type R, ID Record Number Range, Marlboro County, South Carolina</subfield>
            </datafield>
            <datafield tag="505" ind1=" " ind2=" ">
              <subfield code="t">TIGER/Line File: Record Type S, Polygon Additional Geographic Entity Codes, Marlboro County, South Carolina</subfield>
            </datafield>
            <datafield tag="505" ind1=" " ind2=" ">
              <subfield code="t">TIGER/Line File: Record Type Z, ZIP+4 Codes, Marlboro County, South Carolina</subfield>
            </datafield>
            <datafield tag="505" ind1=" " ind2=" ">
              <subfield code="t">Census Tract Outline Maps: Sheet 1, Marlboro County, South Carolina</subfield>
            </datafield>
            <datafield tag="505" ind1=" " ind2=" ">
              <subfield code="t">County Block Maps: Index Map, Marlboro County, South Carolina</subfield>
            </datafield>
            <datafield tag="505" ind1=" " ind2=" ">
              <subfield code="t">County Block Maps: Sheet 1, Marlboro County, South Carolina</subfield>
            </datafield>
            <datafield tag="505" ind1=" " ind2=" ">
              <subfield code="t">County Block Maps: Sheet 2, Marlboro County, South Carolina</subfield>
            </datafield>
            <datafield tag="505" ind1=" " ind2=" ">
              <subfield code="t">County Block Maps: Sheet 3, Marlboro County, South Carolina</subfield>
            </datafield>
            <datafield tag="505" ind1=" " ind2=" ">
              <subfield code="t">County Block Maps: Sheet 4, Marlboro County, South Carolina</subfield>
            </datafield>
            <datafield tag="505" ind1=" " ind2=" ">
              <subfield code="t">County Block Maps: Sheet 5, Marlboro County, South Carolina</subfield>
            </datafield>
            <datafield tag="505" ind1=" " ind2=" ">
              <subfield code="t">County Block Maps: Sheet 6, Marlboro County, South Carolina</subfield>
            </datafield>
            <datafield tag="505" ind1=" " ind2=" ">
              <subfield code="t">County Block Maps: Sheet 7, Marlboro County, South Carolina</subfield>
            </datafield>
            <datafield tag="505" ind1=" " ind2=" ">
              <subfield code="t">County Block Maps: Sheet 7, Inset A, Marlboro County, South Carolina</subfield>
            </datafield>
            <datafield tag="505" ind1=" " ind2=" ">
              <subfield code="t">County Block Maps: Sheet 7, Inset B, Marlboro County, South Carolina</subfield>
            </datafield>
            <datafield tag="505" ind1=" " ind2=" ">
              <subfield code="t">County Block Maps: Sheet 8, Marlboro County, South Carolina</subfield>
            </datafield>
            <datafield tag="505" ind1=" " ind2=" ">
              <subfield code="t">County Block Maps: Sheet 9, Marlboro County, South Carolina</subfield>
            </datafield>
            <datafield tag="505" ind1=" " ind2=" ">
              <subfield code="t">County Block Maps: Sheet 10, Marlboro County, South Carolina</subfield>
            </datafield>
            <datafield tag="505" ind1=" " ind2=" ">
              <subfield code="t">County Block Maps: Sheet 11, Marlboro County, South Carolina</subfield>
            </datafield>
            <datafield tag="505" ind1=" " ind2=" ">
              <subfield code="t">County Block Maps: Sheet 12, Marlboro County, South Carolina</subfield>
            </datafield>
            <datafield tag="505" ind1=" " ind2=" ">
              <subfield code="t">County Block Maps: Sheet 13, Marlboro County, South Carolina</subfield>
            </datafield>
            <datafield tag="505" ind1=" " ind2=" ">
              <subfield code="t">Voting District/State Legislative District Outline Maps: Sheet 1, Marlboro County, South Carolina</subfield>
            </datafield>
            <datafield tag="505" ind1=" " ind2=" ">
              <subfield code="t">Voting District/State Legislative District Outline Maps: Sheet 2, Marlboro County, South Carolina</subfield>
            </datafield>
            <datafield tag="505" ind1=" " ind2=" ">
              <subfield code="t">Census Tract Outline Maps: Newberry County, South Carolina</subfield>
            </datafield>
            <datafield tag="505" ind1=" " ind2=" ">
              <subfield code="t">County Block Maps: Newberry County, South Carolina</subfield>
            </datafield>
            <datafield tag="505" ind1=" " ind2=" ">
              <subfield code="t">Voting District/State Legislative District Outline Maps: Newberry County, South Carolina</subfield>
            </datafield>
            <datafield tag="505" ind1=" " ind2=" ">
              <subfield code="t">TIGER/Line File: Record Type 1, Complete Chain Basic Data Record, Newberry County, South Carolina</subfield>
            </datafield>
            <datafield tag="505" ind1=" " ind2=" ">
              <subfield code="t">TIGER/Line File: Record Type 2, Complete Chain Shape Coordinates, Newberry County, South Carolina</subfield>
            </datafield>
            <datafield tag="505" ind1=" " ind2=" ">
              <subfield code="t">TIGER/Line File: Record Type 3, Complete Chain Geographic Entity Codes, Newberry County, South Carolina</subfield>
            </datafield>
            <datafield tag="505" ind1=" " ind2=" ">
              <subfield code="t">TIGER/Line File: Record Type 4, Index to Alternate Feature Identifiers, Newberry County, South Carolina</subfield>
            </datafield>
            <datafield tag="505" ind1=" " ind2=" ">
              <subfield code="t">TIGER/Line File: Record Type 5, Complete Chain Feature Identifiers, Newberry County, South Carolina</subfield>
            </datafield>
            <datafield tag="505" ind1=" " ind2=" ">
              <subfield code="t">TIGER/Line File: Record Type 6, Additional Address Range and ZIP Code Data, Newberry County, South Carolina</subfield>
            </datafield>
            <datafield tag="505" ind1=" " ind2=" ">
              <subfield code="t">TIGER/Line File: Record Type 7, Landmark Features, Newberry County, South Carolina</subfield>
            </datafield>
            <datafield tag="505" ind1=" " ind2=" ">
              <subfield code="t">TIGER/Line File: Record Type 8, Polygons Linked to Area Landmarks, Newberry County, South Carolina</subfield>
            </datafield>
            <datafield tag="505" ind1=" " ind2=" ">
              <subfield code="t">TIGER/Line File: Record Type 9, Key Geographic Location Features, Newberry County, South Carolina</subfield>
            </datafield>
            <datafield tag="505" ind1=" " ind2=" ">
              <subfield code="t">TIGER/Line File: Record Type A, Polygon Geographic Entity Codes, Newberry County, South Carolina</subfield>
            </datafield>
            <datafield tag="505" ind1=" " ind2=" ">
              <subfield code="t">TIGER/Line File: Record Type C, Geographic Entity Names, Newberry County, South Carolina</subfield>
            </datafield>
            <datafield tag="505" ind1=" " ind2=" ">
              <subfield code="t">TIGER/Line File: Record Type H, ID History, Newberry County, South Carolina</subfield>
            </datafield>
            <datafield tag="505" ind1=" " ind2=" ">
              <subfield code="t">TIGER/Line File: Record Type I, Link Between Complete Chains and Polygons, Newberry County, South Carolina</subfield>
            </datafield>
            <datafield tag="505" ind1=" " ind2=" ">
              <subfield code="t">TIGER/Line File: Record Type P, Polygon Internal Point, Newberry County, South Carolina</subfield>
            </datafield>
            <datafield tag="505" ind1=" " ind2=" ">
              <subfield code="t">TIGER/Line File: Record Type R, ID Record Number Range, Newberry County, South Carolina</subfield>
            </datafield>
            <datafield tag="505" ind1=" " ind2=" ">
              <subfield code="t">TIGER/Line File: Record Type S, Additional Geographic Entity Codes, Newberry County, South Carolina</subfield>
            </datafield>
            <datafield tag="505" ind1=" " ind2=" ">
              <subfield code="t">TIGER/Line File: Record Type Z, ZIP+4 Codes, Newberry County, South Carolina</subfield>
            </datafield>
            <datafield tag="505" ind1=" " ind2=" ">
              <subfield code="t">Census Tract Outline Maps: Sheet 1, Newberry County, South Carolina</subfield>
            </datafield>
            <datafield tag="505" ind1=" " ind2=" ">
              <subfield code="t">County Block Maps: Index Map, Newberry County, South Carolina</subfield>
            </datafield>
            <datafield tag="505" ind1=" " ind2=" ">
              <subfield code="t">County Block Maps: Sheet 1, Newberry County, South Carolina</subfield>
            </datafield>
            <datafield tag="505" ind1=" " ind2=" ">
              <subfield code="t">County Block Maps: Sheet 2, Newberry County, South Carolina</subfield>
            </datafield>
            <datafield tag="505" ind1=" " ind2=" ">
              <subfield code="t">County Block Maps: Sheet 2, Inset A, Newberry County, South Carolina</subfield>
            </datafield>
            <datafield tag="505" ind1=" " ind2=" ">
              <subfield code="t">County Block Maps: Sheet 3, Newberry County, South Carolina</subfield>
            </datafield>
            <datafield tag="505" ind1=" " ind2=" ">
              <subfield code="t">County Block Maps: Sheet 4, Newberry County, South Carolina</subfield>
            </datafield>
            <datafield tag="505" ind1=" " ind2=" ">
              <subfield code="t">County Block Maps: Sheet 5, Newberry County, South Carolina</subfield>
            </datafield>
            <datafield tag="505" ind1=" " ind2=" ">
              <subfield code="t">County Block Maps: Sheet 6, Newberry County, South Carolina</subfield>
            </datafield>
            <datafield tag="505" ind1=" " ind2=" ">
              <subfield code="t">County Block Maps: Sheet 6, Inset A, Newberry County, South Carolina</subfield>
            </datafield>
            <datafield tag="505" ind1=" " ind2=" ">
              <subfield code="t">County Block Maps: Sheet 7, Newberry County, South Carolina</subfield>
            </datafield>
            <datafield tag="505" ind1=" " ind2=" ">
              <subfield code="t">County Block Maps: Sheet 8, Newberry County, South Carolina</subfield>
            </datafield>
            <datafield tag="505" ind1=" " ind2=" ">
              <subfield code="t">County Block Maps: Sheet 9, Newberry County, South Carolina</subfield>
            </datafield>
            <datafield tag="505" ind1=" " ind2=" ">
              <subfield code="t">County Block Maps: Sheet 10, Newberry County, South Carolina</subfield>
            </datafield>
            <datafield tag="505" ind1=" " ind2=" ">
              <subfield code="t">County Block Maps: Sheet 10, Inset A, Newberry County, South Carolina</subfield>
            </datafield>
            <datafield tag="505" ind1=" " ind2=" ">
              <subfield code="t">County Block Maps: Sheet 11, Newberry County, South Carolina</subfield>
            </datafield>
            <datafield tag="505" ind1=" " ind2=" ">
              <subfield code="t">Voting District/State Legislative District Outline Maps: Sheet 1, Newberry County, South Carolina</subfield>
            </datafield>
            <datafield tag="505" ind1=" " ind2=" ">
              <subfield code="t">Voting District/State Legislative District Outline Maps: Sheet 2, Newberry County, South Carolina</subfield>
            </datafield>
            <datafield tag="505" ind1=" " ind2=" ">
              <subfield code="t">Voting District/State Legislative District Outline Maps: Sheet 3, Newberry County, South Carolina</subfield>
            </datafield>
            <datafield tag="505" ind1=" " ind2=" ">
              <subfield code="t">Voting District/State Legislative District Outline Maps: Sheet 4, Newberry County, South Carolina</subfield>
            </datafield>
            <datafield tag="505" ind1=" " ind2=" ">
              <subfield code="t">Census Tract Outline Maps: Richland County, South Carolina</subfield>
            </datafield>
            <datafield tag="505" ind1=" " ind2=" ">
              <subfield code="t">County Block Maps: Richland County, South Carolina</subfield>
            </datafield>
            <datafield tag="505" ind1=" " ind2=" ">
              <subfield code="t">Voting District/State Legislative District Outline Maps: Richland County, South Carolina</subfield>
            </datafield>
            <datafield tag="505" ind1=" " ind2=" ">
              <subfield code="t">TIGER/Line File: Record Type 1, Complete Chain Basic Data Record, Richland County, South Carolina</subfield>
            </datafield>
            <datafield tag="505" ind1=" " ind2=" ">
              <subfield code="t">TIGER/Line File: Record Type 2, Complete Chain Shape Coordinates, Richland County, South Carolina</subfield>
            </datafield>
            <datafield tag="505" ind1=" " ind2=" ">
              <subfield code="t">TIGER/Line File: Record Type 3, Complete Chain Geographic Entity Codes, Richland County, South Carolina</subfield>
            </datafield>
            <datafield tag="505" ind1=" " ind2=" ">
              <subfield code="t">TIGER/Line File: Record Type 4, Index to Alternate Feature Identifiers, Richland County, South Carolina</subfield>
            </datafield>
            <datafield tag="505" ind1=" " ind2=" ">
              <subfield code="t">TIGER/Line File: Record Type 5, Complete Chain Feature Identifiers, Richland County, South Carolina</subfield>
            </datafield>
            <datafield tag="505" ind1=" " ind2=" ">
              <subfield code="t">TIGER/Line File: Record Type 6, Additional Address Range and ZIP Code Data, Richland County, South Carolina</subfield>
            </datafield>
            <datafield tag="505" ind1=" " ind2=" ">
              <subfield code="t">TIGER/Line File: Record Type 7, Landmark Features, Richland County, South Carolina</subfield>
            </datafield>
            <datafield tag="505" ind1=" " ind2=" ">
              <subfield code="t">TIGER/Line File: Record Type 8, Polygons Linked to Area Landmarks, Richland County, South Carolina</subfield>
            </datafield>
            <datafield tag="505" ind1=" " ind2=" ">
              <subfield code="t">TIGER/Line File: Record Type 9, Key Geographic Location Features, Richland County, South Carolina</subfield>
            </datafield>
            <datafield tag="505" ind1=" " ind2=" ">
              <subfield code="t">TIGER/Line File: Record Type A, Polygon Geographic Entity Codes, Richland County, South Carolina</subfield>
            </datafield>
            <datafield tag="505" ind1=" " ind2=" ">
              <subfield code="t">TIGER/Line File: Record Type C, Geographic Entity Names, Richland County, South Carolina</subfield>
            </datafield>
            <datafield tag="505" ind1=" " ind2=" ">
              <subfield code="t">TIGER/Line File: Record Type H, ID History, Richland County, South Carolina</subfield>
            </datafield>
            <datafield tag="505" ind1=" " ind2=" ">
              <subfield code="t">TIGER/Line File: Record Type I, Link Between Complete Chains and Polygons, Richland County, South Carolina</subfield>
            </datafield>
            <datafield tag="505" ind1=" " ind2=" ">
              <subfield code="t">TIGER/Line File: Record Type P, Polygon Internal Point, Richland County, South Carolina</subfield>
            </datafield>
            <datafield tag="505" ind1=" " ind2=" ">
              <subfield code="t">TIGER/Line File: Record Type R, ID Record Number Range, Richland County, South Carolina</subfield>
            </datafield>
            <datafield tag="505" ind1=" " ind2=" ">
              <subfield code="t">TIGER/Line File: Record Type S, Polygon Additional Geographic Entity Codes, Richland County, South Carolina</subfield>
            </datafield>
            <datafield tag="505" ind1=" " ind2=" ">
              <subfield code="t">TIGER/Line File: Record Type Z, ZIP+4 Codes, Richland County, South Carolina</subfield>
            </datafield>
            <datafield tag="505" ind1=" " ind2=" ">
              <subfield code="t">Census Tract Outline Maps: Sheet 1, Richland County, South Carolina</subfield>
            </datafield>
            <datafield tag="505" ind1=" " ind2=" ">
              <subfield code="t">Census Tract Outline Maps: Sheet 2, Richland County, South Carolina</subfield>
            </datafield>
            <datafield tag="505" ind1=" " ind2=" ">
              <subfield code="t">Census Tract Outline Maps: Sheet 3, Richland County, South Carolina</subfield>
            </datafield>
            <datafield tag="505" ind1=" " ind2=" ">
              <subfield code="t">Census Tract Outline Maps: Sheet 4, Richland County, South Carolina</subfield>
            </datafield>
            <datafield tag="505" ind1=" " ind2=" ">
              <subfield code="t">Census Tract Outline Maps: Sheet 5, Richland County, South Carolina</subfield>
            </datafield>
            <datafield tag="505" ind1=" " ind2=" ">
              <subfield code="t">Census Tract Outline Maps: Sheet 6, Richland County, South Carolina</subfield>
            </datafield>
            <datafield tag="505" ind1=" " ind2=" ">
              <subfield code="t">Census Tract Outline Maps: Sheet 7, Richland County, South Carolina</subfield>
            </datafield>
            <datafield tag="505" ind1=" " ind2=" ">
              <subfield code="t">Census Tract Outline Maps: Sheet 8, Richland County, South Carolina</subfield>
            </datafield>
            <datafield tag="505" ind1=" " ind2=" ">
              <subfield code="t">County Block Maps: Index Map, Richland County, South Carolina</subfield>
            </datafield>
            <datafield tag="505" ind1=" " ind2=" ">
              <subfield code="t">County Block Maps: Sheet 1, Richland County, South Carolina</subfield>
            </datafield>
            <datafield tag="505" ind1=" " ind2=" ">
              <subfield code="t">County Block Maps: Sheet 2, Richland County, South Carolina</subfield>
            </datafield>
            <datafield tag="505" ind1=" " ind2=" ">
              <subfield code="t">County Block Maps: Sheet 3, Richland County, South Carolina</subfield>
            </datafield>
            <datafield tag="505" ind1=" " ind2=" ">
              <subfield code="t">County Block Maps: Sheet 4, Richland County, South Carolina</subfield>
            </datafield>
            <datafield tag="505" ind1=" " ind2=" ">
              <subfield code="t">County Block Maps: Sheet 5, Richland County, South Carolina</subfield>
            </datafield>
            <datafield tag="505" ind1=" " ind2=" ">
              <subfield code="t">County Block Maps: Sheet 6, Richland County, South Carolina</subfield>
            </datafield>
            <datafield tag="505" ind1=" " ind2=" ">
              <subfield code="t">County Block Maps: Sheet 7, Richland County, South Carolina</subfield>
            </datafield>
            <datafield tag="505" ind1=" " ind2=" ">
              <subfield code="t">County Block Maps: Sheet 8, Richland County, South Carolina</subfield>
            </datafield>
            <datafield tag="505" ind1=" " ind2=" ">
              <subfield code="t">County Block Maps: Sheet 9, Richland County, South Carolina</subfield>
            </datafield>
            <datafield tag="505" ind1=" " ind2=" ">
              <subfield code="t">County Block Maps: Sheet 10, Richland County, South Carolina</subfield>
            </datafield>
            <datafield tag="505" ind1=" " ind2=" ">
              <subfield code="t">County Block Maps: Sheet 11, Richland County, South Carolina</subfield>
            </datafield>
            <datafield tag="505" ind1=" " ind2=" ">
              <subfield code="t">County Block Maps: Sheet 12, Richland County, South Carolina</subfield>
            </datafield>
            <datafield tag="505" ind1=" " ind2=" ">
              <subfield code="t">County Block Maps: Sheet 13, Richland County, South Carolina</subfield>
            </datafield>
            <datafield tag="505" ind1=" " ind2=" ">
              <subfield code="t">County Block Maps: Sheet 14, Richland County, South Carolina</subfield>
            </datafield>
            <datafield tag="505" ind1=" " ind2=" ">
              <subfield code="t">County Block Maps: Sheet 15, Richland County, South Carolina</subfield>
            </datafield>
            <datafield tag="505" ind1=" " ind2=" ">
              <subfield code="t">County Block Maps: Sheet 16, Richland County, South Carolina</subfield>
            </datafield>
            <datafield tag="505" ind1=" " ind2=" ">
              <subfield code="t">County Block Maps: Sheet 16, Inset A, Richland County, South Carolina</subfield>
            </datafield>
            <datafield tag="505" ind1=" " ind2=" ">
              <subfield code="t">County Block Maps: Sheet 16, Inset B, Richland County, South Carolina</subfield>
            </datafield>
            <datafield tag="505" ind1=" " ind2=" ">
              <subfield code="t">County Block Maps: Sheet 17, Richland County, South Carolina</subfield>
            </datafield>
            <datafield tag="505" ind1=" " ind2=" ">
              <subfield code="t">County Block Maps: Sheet 18, Richland County, South Carolina</subfield>
            </datafield>
            <datafield tag="505" ind1=" " ind2=" ">
              <subfield code="t">County Block Maps: Sheet 19, Richland County, South Carolina</subfield>
            </datafield>
            <datafield tag="505" ind1=" " ind2=" ">
              <subfield code="t">County Block Maps: Sheet 20, Richland County, South Carolina</subfield>
            </datafield>
            <datafield tag="505" ind1=" " ind2=" ">
              <subfield code="t">County Block Maps: Sheet 21, Richland County, South Carolina</subfield>
            </datafield>
            <datafield tag="505" ind1=" " ind2=" ">
              <subfield code="t">County Block Maps: Sheet 21, Inset A, Richland County, South Carolina</subfield>
            </datafield>
            <datafield tag="505" ind1=" " ind2=" ">
              <subfield code="t">County Block Maps: Sheet 22, Richland County, South Carolina</subfield>
            </datafield>
            <datafield tag="505" ind1=" " ind2=" ">
              <subfield code="t">County Block Maps: Sheet 22, Inset A, Richland County, South Carolina</subfield>
            </datafield>
            <datafield tag="505" ind1=" " ind2=" ">
              <subfield code="t">County Block Maps: Sheet 22, Inset B, Richland County, South Carolina</subfield>
            </datafield>
            <datafield tag="505" ind1=" " ind2=" ">
              <subfield code="t">County Block Maps: Sheet 22, Inset C, Richland County, South Carolina</subfield>
            </datafield>
            <datafield tag="505" ind1=" " ind2=" ">
              <subfield code="t">County Block Maps: Sheet 22, Inset D, Richland County, South Carolina</subfield>
            </datafield>
            <datafield tag="505" ind1=" " ind2=" ">
              <subfield code="t">County Block Maps: Sheet 22, Inset E, Richland County, South Carolina</subfield>
            </datafield>
            <datafield tag="505" ind1=" " ind2=" ">
              <subfield code="t">County Block Maps: Sheet 22, Inset F, Richland County, South Carolina</subfield>
            </datafield>
            <datafield tag="505" ind1=" " ind2=" ">
              <subfield code="t">County Block Maps: Sheet 23, Richland County, South Carolina</subfield>
            </datafield>
            <datafield tag="505" ind1=" " ind2=" ">
              <subfield code="t">County Block Maps: Sheet 23, Inset A, Richland County, South Carolina</subfield>
            </datafield>
            <datafield tag="505" ind1=" " ind2=" ">
              <subfield code="t">County Block Maps: Sheet 24, Richland County, South Carolina</subfield>
            </datafield>
            <datafield tag="505" ind1=" " ind2=" ">
              <subfield code="t">County Block Maps: Sheet 25, Richland County, South Carolina</subfield>
            </datafield>
            <datafield tag="505" ind1=" " ind2=" ">
              <subfield code="t">County Block Maps: Sheet 26, Richland County, South Carolina</subfield>
            </datafield>
            <datafield tag="505" ind1=" " ind2=" ">
              <subfield code="t">County Block Maps: Sheet 27, Richland County, South Carolina</subfield>
            </datafield>
            <datafield tag="505" ind1=" " ind2=" ">
              <subfield code="t">County Block Maps: Sheet 28, Richland County, South Carolina</subfield>
            </datafield>
            <datafield tag="505" ind1=" " ind2=" ">
              <subfield code="t">County Block Maps: Sheet 29, Richland County, South Carolina</subfield>
            </datafield>
            <datafield tag="505" ind1=" " ind2=" ">
              <subfield code="t">County Block Maps: Sheet 30, Richland County, South Carolina</subfield>
            </datafield>
            <datafield tag="505" ind1=" " ind2=" ">
              <subfield code="t">County Block Maps: Sheet 31, Richland County, South Carolina</subfield>
            </datafield>
            <datafield tag="505" ind1=" " ind2=" ">
              <subfield code="t">County Block Maps: Sheet 32, Richland County, South Carolina</subfield>
            </datafield>
            <datafield tag="505" ind1=" " ind2=" ">
              <subfield code="t">County Block Maps: Sheet 33, Richland County, South Carolina</subfield>
            </datafield>
            <datafield tag="505" ind1=" " ind2=" ">
              <subfield code="t">County Block Maps: Sheet 34, Richland County, South Carolina</subfield>
            </datafield>
            <datafield tag="505" ind1=" " ind2=" ">
              <subfield code="t">County Block Maps: Sheet 35, Richland County, South Carolina</subfield>
            </datafield>
            <datafield tag="505" ind1=" " ind2=" ">
              <subfield code="t">County Block Maps: Sheet 36, Richland County, South Carolina</subfield>
            </datafield>
            <datafield tag="505" ind1=" " ind2=" ">
              <subfield code="t">County Block Maps: Sheet 37, Richland County, South Carolina</subfield>
            </datafield>
            <datafield tag="505" ind1=" " ind2=" ">
              <subfield code="t">County Block Maps: Sheet 38, Richland County, South Carolina</subfield>
            </datafield>
            <datafield tag="505" ind1=" " ind2=" ">
              <subfield code="t">County Block Maps: Sheet 39, Richland County, South Carolina</subfield>
            </datafield>
            <datafield tag="505" ind1=" " ind2=" ">
              <subfield code="t">Voting District/State Legislative District Outline Maps: Sheet 1, Richland County, South Carolina</subfield>
            </datafield>
            <datafield tag="505" ind1=" " ind2=" ">
              <subfield code="t">Voting District/State Legislative District Outline Maps: Sheet 2, Richland County, South Carolina</subfield>
            </datafield>
            <datafield tag="505" ind1=" " ind2=" ">
              <subfield code="t">Voting District/State Legislative District Outline Maps: Sheet 3, Richland County, South Carolina</subfield>
            </datafield>
            <datafield tag="505" ind1=" " ind2=" ">
              <subfield code="t">Voting District/State Legislative District Outline Maps: Sheet 4, Richland County, South Carolina</subfield>
            </datafield>
            <datafield tag="505" ind1=" " ind2=" ">
              <subfield code="t">Voting District/State Legislative District Outline Maps: Sheet 5, Richland County, South Carolina</subfield>
            </datafield>
            <datafield tag="505" ind1=" " ind2=" ">
              <subfield code="t">Voting District/State Legislative District Outline Maps: Sheet 6, Richland County, South Carolina</subfield>
            </datafield>
            <datafield tag="505" ind1=" " ind2=" ">
              <subfield code="t">Voting District/State Legislative District Outline Maps: Sheet 7, Richland County, South Carolina</subfield>
            </datafield>
            <datafield tag="505" ind1=" " ind2=" ">
              <subfield code="t">Voting District/State Legislative District Outline Maps: Sheet 8, Richland County, South Carolina</subfield>
            </datafield>
            <datafield tag="505" ind1=" " ind2=" ">
              <subfield code="t">Voting District/State Legislative District Outline Maps: Sheet 9, Richland County, South Carolina</subfield>
            </datafield>
            <datafield tag="505" ind1=" " ind2=" ">
              <subfield code="t">Voting District/State Legislative District Outline Maps: Sheet 10, Richland County, South Carolina</subfield>
            </datafield>
            <datafield tag="505" ind1=" " ind2=" ">
              <subfield code="t">Voting District/State Legislative District Outline Maps: Sheet 11, Richland County, South Carolina</subfield>
            </datafield>
            <datafield tag="505" ind1=" " ind2=" ">
              <subfield code="t">Voting District/State Legislative District Outline Maps: Sheet 12, Richland County, South Carolina</subfield>
            </datafield>
            <datafield tag="505" ind1=" " ind2=" ">
              <subfield code="t">Census Tract Outline Maps: Union County, South Carolina</subfield>
            </datafield>
            <datafield tag="505" ind1=" " ind2=" ">
              <subfield code="t">County Block Maps: Union County, South Carolina</subfield>
            </datafield>
            <datafield tag="505" ind1=" " ind2=" ">
              <subfield code="t">Voting District/State Legislative District Outline Maps: Union County, South Carolina</subfield>
            </datafield>
            <datafield tag="505" ind1=" " ind2=" ">
              <subfield code="t">TIGER/Line File: Record Type 1, Complete Chain Basic Data, Union County, South Carolina</subfield>
            </datafield>
            <datafield tag="505" ind1=" " ind2=" ">
              <subfield code="t">TIGER/Line File: Record Type 2, Complete Chain Shape Coordinates, Union County, South Carolina</subfield>
            </datafield>
            <datafield tag="505" ind1=" " ind2=" ">
              <subfield code="t">TIGER/Line File: Record Type 3, Complete Chain Geographic Entity Codes, Union County, South Carolina</subfield>
            </datafield>
            <datafield tag="505" ind1=" " ind2=" ">
              <subfield code="t">TIGER/Line File: Record Type 4, Index to Alternate Feature Identifiers, Union County, South Carolina</subfield>
            </datafield>
            <datafield tag="505" ind1=" " ind2=" ">
              <subfield code="t">TIGER/Line File: Record Type 5, Complete Chain Feature Identifers, Union County, South Carolina</subfield>
            </datafield>
            <datafield tag="505" ind1=" " ind2=" ">
              <subfield code="t">TIGER/Line File: Record Type 6, Additional Address Range and ZIP Code Data, Union County, South Carolina</subfield>
            </datafield>
            <datafield tag="505" ind1=" " ind2=" ">
              <subfield code="t">TIGER/Line File: Record Type 7, Landmark Features, Union County, South Carolina</subfield>
            </datafield>
            <datafield tag="505" ind1=" " ind2=" ">
              <subfield code="t">TIGER/Line File: Record Type 8, Polygons Linked to Area Landmarks, Union County, South Carolina</subfield>
            </datafield>
            <datafield tag="505" ind1=" " ind2=" ">
              <subfield code="t">TIGER/Line File: Record Type 9, Key Geographic Location Features, Union County, South Carolina</subfield>
            </datafield>
            <datafield tag="505" ind1=" " ind2=" ">
              <subfield code="t">TIGER/Line: Record Type A, Polygon Geographic Entity Codes, Union County, South Carolina</subfield>
            </datafield>
            <datafield tag="505" ind1=" " ind2=" ">
              <subfield code="t">TIGER/Line File: Record Type C, Geographic Entity Names, Union County, South Carolina</subfield>
            </datafield>
            <datafield tag="505" ind1=" " ind2=" ">
              <subfield code="t">TIGER/Line File: Record Type H, ID History, Union County, South Carolina</subfield>
            </datafield>
            <datafield tag="505" ind1=" " ind2=" ">
              <subfield code="t">TIGER/Line File: Record Type I, Link Between Complete Chains and Polygons, Union County, South Carolina</subfield>
            </datafield>
            <datafield tag="505" ind1=" " ind2=" ">
              <subfield code="t">TIGER/Line File: Record Type P, Polygon Internal Point, Union County, South Carolina</subfield>
            </datafield>
            <datafield tag="505" ind1=" " ind2=" ">
              <subfield code="t">TIGER/Line File: Record Type R, ID Record Number Range, Union County, South Carolina</subfield>
            </datafield>
            <datafield tag="505" ind1=" " ind2=" ">
              <subfield code="t">TIGER/Line File: Record Type S, Polygon Additional Geographic Entity Codes, Union County, South Carolina</subfield>
            </datafield>
            <datafield tag="505" ind1=" " ind2=" ">
              <subfield code="t">TIGER/Line File: Record Type Z, ZIP+4 Codes, Union County, South Carolina</subfield>
            </datafield>
            <datafield tag="505" ind1=" " ind2=" ">
              <subfield code="t">Census Tract Outline Maps: Sheet 1, Union County, South Carolina</subfield>
            </datafield>
            <datafield tag="505" ind1=" " ind2=" ">
              <subfield code="t">County Block Maps: Index Map, Union County, South Carolina</subfield>
            </datafield>
            <datafield tag="505" ind1=" " ind2=" ">
              <subfield code="t">County Block Maps: Sheet 1, Union County, South Carolina</subfield>
            </datafield>
            <datafield tag="505" ind1=" " ind2=" ">
              <subfield code="t">County Block Maps: Sheet 2, Union County, South Carolina</subfield>
            </datafield>
            <datafield tag="505" ind1=" " ind2=" ">
              <subfield code="t">County Block Maps: Sheet 2, Inset A, Union County, South Carolina</subfield>
            </datafield>
            <datafield tag="505" ind1=" " ind2=" ">
              <subfield code="t">County Block Maps: Sheet 3, Union County, South Carolina</subfield>
            </datafield>
            <datafield tag="505" ind1=" " ind2=" ">
              <subfield code="t">County Block Maps: Sheet 3, Inset A, Union County, South Carolina</subfield>
            </datafield>
            <datafield tag="505" ind1=" " ind2=" ">
              <subfield code="t">County Block Maps: Sheet 4, Union County, South Carolina</subfield>
            </datafield>
            <datafield tag="505" ind1=" " ind2=" ">
              <subfield code="t">County Block Maps: Sheet 5, Union County, South Carolina</subfield>
            </datafield>
            <datafield tag="505" ind1=" " ind2=" ">
              <subfield code="t">County Block Maps: Sheet 5, Inset A, Union County, South Carolina</subfield>
            </datafield>
            <datafield tag="505" ind1=" " ind2=" ">
              <subfield code="t">County Block Maps: Sheet 6, Union County, South Carolina</subfield>
            </datafield>
            <datafield tag="505" ind1=" " ind2=" ">
              <subfield code="t">County Block Maps: Sheet 7, Union County, South Carolina</subfield>
            </datafield>
            <datafield tag="505" ind1=" " ind2=" ">
              <subfield code="t">County Block Maps: Sheet 8, Union County, South Carolina</subfield>
            </datafield>
            <datafield tag="505" ind1=" " ind2=" ">
              <subfield code="t">County Block Maps: Sheet 9, Union County, South Carolina</subfield>
            </datafield>
            <datafield tag="505" ind1=" " ind2=" ">
              <subfield code="t">County Block Maps: Sheet 9, Inset A, Union County, South Carolina</subfield>
            </datafield>
            <datafield tag="505" ind1=" " ind2=" ">
              <subfield code="t">Voting District/State Legislative District Outline Maps: Sheet 1, Union County, South Carolina</subfield>
            </datafield>
            <datafield tag="505" ind1=" " ind2=" ">
              <subfield code="t">Voting District/State Legislative District Outline Maps: Sheet 2, Union County, South Carolina</subfield>
            </datafield>
            <datafield tag="505" ind1=" " ind2=" ">
              <subfield code="t">Voting District/State Legislative District Outline Maps: Sheet 3, Union County, South Carolina</subfield>
            </datafield>
            <datafield tag="505" ind1=" " ind2=" ">
              <subfield code="t">Voting District/State Legislative District Outline Maps: Sheet 4, Union County, South Carolina</subfield>
            </datafield>
            <datafield tag="505" ind1=" " ind2=" ">
              <subfield code="t">Corner Point File: County Block Bounding Latitude and Longitude, Menominee County, Wisconsin</subfield>
            </datafield>
            <datafield tag="505" ind1=" " ind2=" ">
              <subfield code="t">Corner Point File: Census Tract Bounding Latitude and Longitude, Menominee County, Wisconsin</subfield>
            </datafield>
            <datafield tag="505" ind1=" " ind2=" ">
              <subfield code="t">Census Tract Outline Maps: Menominee County, Wisconsin</subfield>
            </datafield>
            <datafield tag="505" ind1=" " ind2=" ">
              <subfield code="t">County Block Maps: Menominee County, Wisconsin</subfield>
            </datafield>
            <datafield tag="505" ind1=" " ind2=" ">
              <subfield code="t">TIGER/Line File: Record Type 1, Complete Chain Basic Data Record, Menominee County, Wisconsin</subfield>
            </datafield>
            <datafield tag="505" ind1=" " ind2=" ">
              <subfield code="t">TIGER/Line File: Record Type 2, Complete Chain Shape Coordinates, Menominee County, Wisconsin</subfield>
            </datafield>
            <datafield tag="505" ind1=" " ind2=" ">
              <subfield code="t">TIGER/Line File: Record Type 3, Complete Chain Geographic Entity Codes, Menominee County, Wisconsin</subfield>
            </datafield>
            <datafield tag="505" ind1=" " ind2=" ">
              <subfield code="t">TIGER/Line File: Record Type 4, Index to Alternate Feature Identifiers, Menominee County, Wisconsin</subfield>
            </datafield>
            <datafield tag="505" ind1=" " ind2=" ">
              <subfield code="t">TIGER/Line File: Record Type 5, Complete Chain Feature Identifiers, Menominee County, Wisconsin</subfield>
            </datafield>
            <datafield tag="505" ind1=" " ind2=" ">
              <subfield code="t">TIGER/Line File: Record Type 7, Landmark Features, Menominee County, Wisconsin</subfield>
            </datafield>
            <datafield tag="505" ind1=" " ind2=" ">
              <subfield code="t">TIGER/Line File: Record Type 8, Polygons Linked to Area Landmarks, Menominee County, Wisconsin</subfield>
            </datafield>
            <datafield tag="505" ind1=" " ind2=" ">
              <subfield code="t">TIGER/Line File: Record Type A, Polygon Geographic Entity Codes, Menominee County, Wisconsin</subfield>
            </datafield>
            <datafield tag="505" ind1=" " ind2=" ">
              <subfield code="t">TIGER/Line File: Record Type C, Geographic Entity Names, Menominee County, Wisconsin</subfield>
            </datafield>
            <datafield tag="505" ind1=" " ind2=" ">
              <subfield code="t">TIGER/Line File: Record Type H, ID History, Menominee County, Wisconsin</subfield>
            </datafield>
            <datafield tag="505" ind1=" " ind2=" ">
              <subfield code="t">TIGER/Line File: Record Type I, Link Between Complete Chains and Polygons, Menominee County, Wisconsin</subfield>
            </datafield>
            <datafield tag="505" ind1=" " ind2=" ">
              <subfield code="t">TIGER/Line File: Record Type P, Polygon Internal Point, Menominee County, Wisconsin</subfield>
            </datafield>
            <datafield tag="505" ind1=" " ind2=" ">
              <subfield code="t">TIGER/Line File: Record Type R, ID Record Number Range, Menominee County, Wisconsin</subfield>
            </datafield>
            <datafield tag="505" ind1=" " ind2=" ">
              <subfield code="t">TIGER/Line File: Record Type S, Polygon Additional Geographic Entity Codes, Menominee County, Wisconsin</subfield>
            </datafield>
            <datafield tag="505" ind1=" " ind2=" ">
              <subfield code="t">TIGER/Line File: Record Type Z, ZIP+4 Codes, Menominee County, Wisconsin</subfield>
            </datafield>
            <datafield tag="505" ind1=" " ind2=" ">
              <subfield code="t">Census Tract Outline Maps: Sheet 1, Menominee County, Wisconsin</subfield>
            </datafield>
            <datafield tag="505" ind1=" " ind2=" ">
              <subfield code="t">County Block Maps: Index Map, Menominee County, Wisconsin</subfield>
            </datafield>
            <datafield tag="505" ind1=" " ind2=" ">
              <subfield code="t">County Block Maps: Sheet 1, Menominee County, Wisconsin</subfield>
            </datafield>
            <datafield tag="505" ind1=" " ind2=" ">
              <subfield code="t">County Block Maps: Sheet 2, Menominee County, Wisconsin</subfield>
            </datafield>
            <datafield tag="505" ind1=" " ind2=" ">
              <subfield code="t">County Block Maps: Sheet 3, Menominee County, Wisconsin</subfield>
            </datafield>
            <datafield tag="505" ind1=" " ind2=" ">
              <subfield code="t">County Block Maps: Sheet 4, Menominee County, Wisconsin</subfield>
            </datafield>
            <datafield tag="505" ind1=" " ind2=" ">
              <subfield code="t">County Block Maps: Sheet 5, Menominee County, Wisconsin</subfield>
            </datafield>
            <datafield tag="505" ind1=" " ind2=" ">
              <subfield code="t">County Block Maps: Sheet 5, Inset A, Menominee County, Wisconsin</subfield>
            </datafield>
            <datafield tag="505" ind1=" " ind2=" ">
              <subfield code="t">County Block Maps: Sheet 5, Inset B, Menominee County, Wisconsin</subfield>
            </datafield>
            <datafield tag="505" ind1=" " ind2=" ">
              <subfield code="t">County Block Maps: Sheet 5, Inset C, Menominee County, Wisconsin</subfield>
            </datafield>
            <datafield tag="505" ind1=" " ind2=" ">
              <subfield code="t">County Block Maps: Sheet 5, Inset D, Menominee County, Wisconsin</subfield>
            </datafield>
            <datafield tag="505" ind1=" " ind2=" ">
              <subfield code="t">County Block Maps: Sheet 6, Menominee County, Wisconsin</subfield>
            </datafield>
            <datafield tag="505" ind1=" " ind2=" ">
              <subfield code="t">County Block Maps: Sheet 6, Inset A, Menominee County, Wisconsin</subfield>
            </datafield>
            <datafield tag="505" ind1=" " ind2=" ">
              <subfield code="t">County Block Maps: Sheet 6, Inset B, Menominee County, Wisconsin</subfield>
            </datafield>
            <datafield tag="505" ind1=" " ind2=" ">
              <subfield code="t">Legend for Census Tract Outline Maps</subfield>
            </datafield>
            <datafield tag="505" ind1=" " ind2=" ">
              <subfield code="t">Legend for County Block Maps</subfield>
            </datafield>
            <datafield tag="505" ind1=" " ind2=" ">
              <subfield code="t">Legend for Voting District/State Legislative District Outline Maps</subfield>
            </datafield>
            <datafield tag="505" ind1=" " ind2=" ">
              <subfield code="t">Technical Documentation for TIGER/Line Files</subfield>
            </datafield>
            <datafield tag="505" ind1=" " ind2=" ">
              <subfield code="t">Legend for Census Tract Outline Maps</subfield>
            </datafield>
            <datafield tag="505" ind1=" " ind2=" ">
              <subfield code="t">Legend for County Block Maps</subfield>
            </datafield>
            <datafield tag="505" ind1=" " ind2=" ">
              <subfield code="t">Legend for Voting District/State Legislative District Outline Maps</subfield>
            </datafield>
            <datafield tag="567" ind1=" " ind2=" ">
              <subfield code="a">Eleven counties in South Carolina, the city of Sacramento, California, and the county of Menominee, Wisconsin, including the Menominee Indian Reservation.</subfield>
            </datafield>
            <datafield tag="650" ind1=" " ind2="7">
              <subfield code="a">census data</subfield>
              <subfield code="2">icpsr</subfield>
            </datafield>
            <datafield tag="650" ind1=" " ind2="7">
              <subfield code="a">census methods</subfield>
              <subfield code="2">icpsr</subfield>
            </datafield>
            <datafield tag="650" ind1=" " ind2="7">
              <subfield code="a">census tract level</subfield>
              <subfield code="2">icpsr</subfield>
            </datafield>
            <datafield tag="650" ind1=" " ind2="7">
              <subfield code="a">computer aided mapping</subfield>
              <subfield code="2">icpsr</subfield>
            </datafield>
            <datafield tag="650" ind1=" " ind2="7">
              <subfield code="a">congressional districts</subfield>
              <subfield code="2">icpsr</subfield>
            </datafield>
            <datafield tag="650" ind1=" " ind2="7">
              <subfield code="a">counties</subfield>
              <subfield code="2">icpsr</subfield>
            </datafield>
            <datafield tag="650" ind1=" " ind2="7">
              <subfield code="a">election districts</subfield>
              <subfield code="2">icpsr</subfield>
            </datafield>
            <datafield tag="650" ind1=" " ind2="7">
              <subfield code="a">ethnicity</subfield>
              <subfield code="2">icpsr</subfield>
            </datafield>
            <datafield tag="650" ind1=" " ind2="7">
              <subfield code="a">geographic information systems</subfield>
              <subfield code="2">icpsr</subfield>
            </datafield>
            <datafield tag="650" ind1=" " ind2="7">
              <subfield code="a">household composition</subfield>
              <subfield code="2">icpsr</subfield>
            </datafield>
            <datafield tag="650" ind1=" " ind2="7">
              <subfield code="a">housing</subfield>
              <subfield code="2">icpsr</subfield>
            </datafield>
            <datafield tag="650" ind1=" " ind2="7">
              <subfield code="a">housing conditions</subfield>
              <subfield code="2">icpsr</subfield>
            </datafield>
            <datafield tag="650" ind1=" " ind2="7">
              <subfield code="a">legislative districts</subfield>
              <subfield code="2">icpsr</subfield>
            </datafield>
            <datafield tag="650" ind1=" " ind2="7">
              <subfield code="a">population</subfield>
              <subfield code="2">icpsr</subfield>
            </datafield>
            <datafield tag="650" ind1=" " ind2="7">
              <subfield code="a">redistricting</subfield>
              <subfield code="2">icpsr</subfield>
            </datafield>
            <datafield tag="650" ind1=" " ind2="7">
              <subfield code="a">states (USA)</subfield>
              <subfield code="2">icpsr</subfield>
            </datafield>
            <datafield tag="653" ind1="0" ind2=" ">
              <subfield code="a">ICPSR I.A.1.e. Census Enumerations: Historical and Contemporary Population Characteristics, United States, Decennial Censuses, 2000 Census</subfield>
            </datafield>
            <datafield tag="710" ind1="2" ind2=" ">
              <subfield code="a">United States. Bureau of the Census</subfield>
            </datafield>
            <datafield tag="710" ind1="2" ind2=" ">
              <subfield code="a">Inter-university Consortium for Political and Social Research.</subfield>
            </datafield>
            <datafield tag="830" ind1=" " ind2="0">
              <subfield code="a">ICPSR (Series)</subfield>
              <subfield code="v">2913</subfield>
            </datafield>
            <datafield tag="856" ind1="4" ind2="0">
              <subfield code="z">Access restricted ; authentication may be required:</subfield>
              <subfield code="u">http://doi.org/10.3886/ICPSR02913.v1</subfield>
            </datafield>
          </record>
        </collection>
      </metadata>
    </record>