
    <record>
      <header>
        <identifier>2914</identifier>
        <datestamp>2006-01-18T01:01:01Z</datestamp>
      </header>
      <metadata>
        <collection xmlns="http://www.loc.gov/MARC21/slim" xsi:schemaLocation="http://www.loc.gov/MARC21/slim https://www.loc.gov/standards/marcxml/schema/MARC21slim.xsd">
          <record>
            <leader>cmm 22 4500</leader>
            <controlfield tag="001">ICPSR02914</controlfield>
            <controlfield tag="003">MiAaI</controlfield>
            <controlfield tag="006">m f a u</controlfield>
            <controlfield tag="007">cr mn mmmmuuuu</controlfield>
            <controlfield tag="008">190117s2002 miu f a eng d</controlfield>
            <datafield tag="035" ind1=" " ind2=" ">
              <subfield code="a">(MiAaI)ICPSR02914</subfield>
            </datafield>
            <datafield tag="040" ind1=" " ind2=" ">
              <subfield code="a">MiAaI</subfield>
              <subfield code="c">MiAaI</subfield>
            </datafield>
            <datafield tag="245" ind1="0" ind2="0">
              <subfield code="a">National Evaluation of Residential Substance Abuse Treatment (RSAT) Programs in the United States, 1995-1999</subfield>
              <subfield code="h">[electronic resource]</subfield>
              <subfield code="c">Douglas S. Lipton, Frank S. Pearson, Harry K. Wexler</subfield>
            </datafield>
            <datafield tag="250" ind1=" " ind2=" ">
              <subfield code="a">2006-01-18</subfield>
            </datafield>
            <datafield tag="260" ind1=" " ind2=" ">
              <subfield code="a">Ann Arbor, Mich.</subfield>
              <subfield code="b">Inter-university Consortium for Political and Social Research [distributor]</subfield>
              <subfield code="c">2002</subfield>
            </datafield>
            <datafield tag="490" ind1=" " ind2=" ">
              <subfield code="a">ICPSR</subfield>
              <subfield code="v">2914</subfield>
            </datafield>
            <datafield tag="516" ind1=" " ind2=" ">
              <subfield code="a">Numeric</subfield>
            </datafield>
            <datafield tag="538" ind1=" " ind2=" ">
              <subfield code="a">Mode of access: Intranet.</subfield>
            </datafield>
            <datafield tag="500" ind1=" " ind2=" ">
              <subfield code="a">Title from ICPSR DDI metadata of 2019-01-17.</subfield>
            </datafield>
            <datafield tag="536" ind1=" " ind2=" ">
              <subfield code="a">United States Department of Justice. Office of Justice Programs. National Institute of Justice</subfield>
              <subfield code="c">97-RT-VX-K006</subfield>
            </datafield>
            <datafield tag="506" ind1=" " ind2=" ">
              <subfield code="a">AVAILABLE. This study is freely available to the general public.</subfield>
            </datafield>
            <datafield tag="530" ind1=" " ind2=" ">
              <subfield code="a">Also available as downloadable files.</subfield>
            </datafield>
            <datafield tag="522" ind1=" " ind2=" ">
              <subfield code="a">United States</subfield>
            </datafield>
            <datafield tag="520" ind1="3" ind2=" ">
              <subfield code="a">The Residential Substance Abuse Treatment (RSAT) for State Prisoners Formula Grant Program, created by Title III (Subtitle U of the Violent Crime Control and Law Enforcement Act of 1994), was designed by Congress to implement residential substance abuse programs providing individual and group treatment for inmates in residential facilities operated by state and local correctional agencies. Under the Corrections Program Office of the Office of Justice Programs of the United States Department of Justice, state and local correctional agencies received funds to develop or enhance existing programs that: (1) lasted between six and 12 months, (2) provided residential treatment facilities set apart from the general correctional population, (3) were directed at the substance abuse problems of the inmate, (4) were intended to develop the inmate's cognitive, behavioral, social, vocational, and other skills in order to treat related problems as well as the substance abuse, and (5) continued to require urinalysis and/or other proven reliable forms of drug and alcohol testing of individuals assigned to treatment programs during and after release from residential custody. The National Development and Research Institutes, Inc. (NDRI) entered into a cooperative agreement with the National Institute of Justice wherein NDRI would evaluate the extent to which the goals of the RSAT program were being accomplished and the problems that were encountered by the participating states. The methods of this national evaluation were: (1) an initial state survey to ascertain the RSAT programs and program directors in each of the 50 states plus five territories and the District of Columbia and to collect basic information on the aggregate impact of the RSAT-funded programs in each state or territory (Part 1, State Data), (2) a follow-up state survey to collect more detailed information on the aggregate impact of the RSAT-funded programs in each state (Part 1, State Data), and (3) an initial program survey to describe the separate RSAT programs as they came on line and to assess whether a few of the programs might serve as model programs which could undergo subsequent intensive evaluation (Part 2, Program Data). The sampling method used was a census of all the existing RSAT-funded programs and all of the state RSAT officials. Part 1 variables include the amount of RSAT funds received by the state in fiscal years 1996 to 1998, amounts from other sources of funding, and amount spent on salaries, training, drug tests, other supplies, and facilities, as well as number of residents, number of staff, reasons why funding was delayed, RSAT award date, and RSAT end date. Part 2 variables include the number of clients in the program, number of beds available, number of staff by gender, race, age, education, profession, and years of experience, admission inclusion criteria, reporting procedures, treatment type and duration, type of drug testing and number of tests, annual budget, sources of funding, and cost per capita.Cf: http://doi.org/10.3886/ICPSR02914.v1</subfield>
            </datafield>
            <datafield tag="505" ind1=" " ind2=" ">
              <subfield code="t">State Data</subfield>
            </datafield>
            <datafield tag="505" ind1=" " ind2=" ">
              <subfield code="t">Program Data</subfield>
            </datafield>
            <datafield tag="567" ind1=" " ind2=" ">
              <subfield code="a">All states in the United States and all residential substance abuse treatment programs in operation from 1995 to 1999.</subfield>
            </datafield>
            <datafield tag="650" ind1=" " ind2="7">
              <subfield code="a">correctional facilities</subfield>
              <subfield code="2">icpsr</subfield>
            </datafield>
            <datafield tag="650" ind1=" " ind2="7">
              <subfield code="a">drug testing</subfield>
              <subfield code="2">icpsr</subfield>
            </datafield>
            <datafield tag="650" ind1=" " ind2="7">
              <subfield code="a">drug treatment</subfield>
              <subfield code="2">icpsr</subfield>
            </datafield>
            <datafield tag="650" ind1=" " ind2="7">
              <subfield code="a">grants</subfield>
              <subfield code="2">icpsr</subfield>
            </datafield>
            <datafield tag="650" ind1=" " ind2="7">
              <subfield code="a">inmate programs</subfield>
              <subfield code="2">icpsr</subfield>
            </datafield>
            <datafield tag="650" ind1=" " ind2="7">
              <subfield code="a">program evaluation</subfield>
              <subfield code="2">icpsr</subfield>
            </datafield>
            <datafield tag="650" ind1=" " ind2="7">
              <subfield code="a">substance abuse</subfield>
              <subfield code="2">icpsr</subfield>
            </datafield>
            <datafield tag="653" ind1="0" ind2=" ">
              <subfield code="a">ICPSR XVII.E. Social Institutions and Behavior, Crime and the Criminal Justice System</subfield>
            </datafield>
            <datafield tag="653" ind1="0" ind2=" ">
              <subfield code="a">NACJD XI. Drugs, Alcohol, and Crime</subfield>
            </datafield>
            <datafield tag="700" ind1="2" ind2=" ">
              <subfield code="a">Lipton, Douglas S.</subfield>
              <subfield code="u">National Development and Research Institutes, Inc. (NDRI)</subfield>
            </datafield>
            <datafield tag="700" ind1="2" ind2=" ">
              <subfield code="a">Pearson, Frank S.</subfield>
              <subfield code="u">National Development and Research Institutes, Inc. (NDRI)</subfield>
            </datafield>
            <datafield tag="700" ind1="2" ind2=" ">
              <subfield code="a">Wexler, Harry K.</subfield>
              <subfield code="u">National Development and Research Institutes, Inc. (NDRI)</subfield>
            </datafield>
            <datafield tag="710" ind1="2" ind2=" ">
              <subfield code="a">Inter-university Consortium for Political and Social Research.</subfield>
            </datafield>
            <datafield tag="830" ind1=" " ind2="0">
              <subfield code="a">ICPSR (Series)</subfield>
              <subfield code="v">2914</subfield>
            </datafield>
            <datafield tag="856" ind1="4" ind2="0">
              <subfield code="z">Access restricted ; authentication may be required:</subfield>
              <subfield code="u">http://doi.org/10.3886/ICPSR02914.v1</subfield>
            </datafield>
          </record>
        </collection>
      </metadata>
    </record>