
    <record>
      <header>
        <identifier>2919</identifier>
        <datestamp>2009-07-28T01:01:01Z</datestamp>
      </header>
      <metadata>
        <collection xmlns="http://www.loc.gov/MARC21/slim" xsi:schemaLocation="http://www.loc.gov/MARC21/slim https://www.loc.gov/standards/marcxml/schema/MARC21slim.xsd">
          <record>
            <leader>cmm 22 4500</leader>
            <controlfield tag="001">ICPSR02919</controlfield>
            <controlfield tag="003">MiAaI</controlfield>
            <controlfield tag="006">m f a u</controlfield>
            <controlfield tag="007">cr mn mmmmuuuu</controlfield>
            <controlfield tag="008">190117s2001 miu f a eng d</controlfield>
            <datafield tag="035" ind1=" " ind2=" ">
              <subfield code="a">(MiAaI)ICPSR02919</subfield>
            </datafield>
            <datafield tag="040" ind1=" " ind2=" ">
              <subfield code="a">MiAaI</subfield>
              <subfield code="c">MiAaI</subfield>
            </datafield>
            <datafield tag="245" ind1="0" ind2="0">
              <subfield code="a">CBS News New Hampshire Primary Poll #1, January 2000</subfield>
              <subfield code="h">[electronic resource]</subfield>
              <subfield code="c">CBS News</subfield>
            </datafield>
            <datafield tag="250" ind1=" " ind2=" ">
              <subfield code="a">2009-07-28</subfield>
            </datafield>
            <datafield tag="260" ind1=" " ind2=" ">
              <subfield code="a">Ann Arbor, Mich.</subfield>
              <subfield code="b">Inter-university Consortium for Political and Social Research [distributor]</subfield>
              <subfield code="c">2001</subfield>
            </datafield>
            <datafield tag="490" ind1=" " ind2=" ">
              <subfield code="a">ICPSR</subfield>
              <subfield code="v">2919</subfield>
            </datafield>
            <datafield tag="490" ind1=" " ind2=" ">
              <subfield code="a">CBS News/New York Times Poll Series</subfield>
            </datafield>
            <datafield tag="516" ind1=" " ind2=" ">
              <subfield code="a">Numeric</subfield>
            </datafield>
            <datafield tag="538" ind1=" " ind2=" ">
              <subfield code="a">Mode of access: Intranet.</subfield>
            </datafield>
            <datafield tag="500" ind1=" " ind2=" ">
              <subfield code="a">Title from ICPSR DDI metadata of 2019-01-17.</subfield>
            </datafield>
            <datafield tag="506" ind1=" " ind2=" ">
              <subfield code="a">AVAILABLE. This study is freely available to the general public.</subfield>
            </datafield>
            <datafield tag="530" ind1=" " ind2=" ">
              <subfield code="a">Also available as downloadable files.</subfield>
            </datafield>
            <datafield tag="520" ind1="3" ind2=" ">
              <subfield code="a">This special topic poll, fielded January 15-17, 2000, is part of a continuing series of monthly surveys that solicit public opinion on the presidency and on a range of other political and social issues. The focus of this data collection was the upcoming presidential election and New Hampshire primaries. Residents of New Hampshire were asked to give their opinions of President Bill Clinton and his handling of the presidency and New Hampshire governor Jeanne Shaheen and her handling of the state. Respondents were asked whether they intended to vote in the New Hampshire presidential primaries to be held February 1, 2000, and what their opinions were of Democratic candidates Vice President Al Gore and former New Jersey senator Bill Bradley, and Republican candidates Texas governor George W. Bush, Arizona senator John McCain, publisher Steve Forbes, radio talk show host Alan Keyes, Family Research Council president Gary Bauer, and Utah senator Orrin Hatch. They were asked which candidate they intended to vote for and which candidate they thought would win, and whether they had ever considered voting in the opposing political party's primary. Respondents were further asked what they thought about the candidates, which candidate could be trusted to keep his word, to understand the complicated problems a president has to deal with, and to say what he believes, and whether they thought any candidate had made a decision as a direct result of a major campaign contribution. Additional questions related to the presidential campaigns probed the influence of television ads, which candidates' health-care plan respondents supported, whether respondents had been contacted by a campaign, and whether they had seen any of the candidates in person. Additional topics covered included abortion, the most important problems facing the country, and whether homosexuals should be permitted to serve in the military. Background information on respondents includes age, gender, political party, political orientation, voter registration and participation history, marital status, education, religion, race, Hispanic origin, household income, computer and Internet access, and military service.Cf: http://doi.org/10.3886/ICPSR02919.v3</subfield>
            </datafield>
            <datafield tag="505" ind1=" " ind2=" ">
              <subfield code="t">Dataset</subfield>
            </datafield>
            <datafield tag="653" ind1="0" ind2=" ">
              <subfield code="a">ICPSR XIV.C.1. Mass Political Behavior and Attitudes, Public Opinion on Political Matters, United States</subfield>
            </datafield>
            <datafield tag="710" ind1="2" ind2=" ">
              <subfield code="a">CBS News</subfield>
            </datafield>
            <datafield tag="710" ind1="2" ind2=" ">
              <subfield code="a">Inter-university Consortium for Political and Social Research.</subfield>
            </datafield>
            <datafield tag="830" ind1=" " ind2="0">
              <subfield code="a">ICPSR (Series)</subfield>
              <subfield code="v">2919</subfield>
            </datafield>
            <datafield tag="856" ind1="4" ind2="0">
              <subfield code="z">Access restricted ; authentication may be required:</subfield>
              <subfield code="u">http://doi.org/10.3886/ICPSR02919.v3</subfield>
            </datafield>
          </record>
        </collection>
      </metadata>
    </record>