
    <record>
      <header>
        <identifier>2924</identifier>
        <datestamp>2008-02-06T01:01:01Z</datestamp>
      </header>
      <metadata>
        <collection xmlns="http://www.loc.gov/MARC21/slim" xsi:schemaLocation="http://www.loc.gov/MARC21/slim https://www.loc.gov/standards/marcxml/schema/MARC21slim.xsd">
          <record>
            <leader>cmm 22 4500</leader>
            <controlfield tag="001">ICPSR02924</controlfield>
            <controlfield tag="003">MiAaI</controlfield>
            <controlfield tag="006">m f a u</controlfield>
            <controlfield tag="007">cr mn mmmmuuuu</controlfield>
            <controlfield tag="008">190117s2000 miu f a eng d</controlfield>
            <datafield tag="035" ind1=" " ind2=" ">
              <subfield code="a">(MiAaI)ICPSR02924</subfield>
            </datafield>
            <datafield tag="040" ind1=" " ind2=" ">
              <subfield code="a">MiAaI</subfield>
              <subfield code="c">MiAaI</subfield>
            </datafield>
            <datafield tag="245" ind1="0" ind2="0">
              <subfield code="a">CBS News Monthly Poll #1, February 2000</subfield>
              <subfield code="h">[electronic resource]</subfield>
              <subfield code="c">CBS News</subfield>
            </datafield>
            <datafield tag="250" ind1=" " ind2=" ">
              <subfield code="a">2008-02-06</subfield>
            </datafield>
            <datafield tag="260" ind1=" " ind2=" ">
              <subfield code="a">Ann Arbor, Mich.</subfield>
              <subfield code="b">Inter-university Consortium for Political and Social Research [distributor]</subfield>
              <subfield code="c">2000</subfield>
            </datafield>
            <datafield tag="490" ind1=" " ind2=" ">
              <subfield code="a">ICPSR</subfield>
              <subfield code="v">2924</subfield>
            </datafield>
            <datafield tag="490" ind1=" " ind2=" ">
              <subfield code="a">CBS News/New York Times Poll Series</subfield>
            </datafield>
            <datafield tag="516" ind1=" " ind2=" ">
              <subfield code="a">Numeric</subfield>
            </datafield>
            <datafield tag="538" ind1=" " ind2=" ">
              <subfield code="a">Mode of access: Intranet.</subfield>
            </datafield>
            <datafield tag="500" ind1=" " ind2=" ">
              <subfield code="a">Title from ICPSR DDI metadata of 2019-01-17.</subfield>
            </datafield>
            <datafield tag="506" ind1=" " ind2=" ">
              <subfield code="a">AVAILABLE. This study is freely available to ICPSR member institutions.</subfield>
            </datafield>
            <datafield tag="530" ind1=" " ind2=" ">
              <subfield code="a">Also available as downloadable files.</subfield>
            </datafield>
            <datafield tag="522" ind1=" " ind2=" ">
              <subfield code="a">United States</subfield>
            </datafield>
            <datafield tag="520" ind1="3" ind2=" ">
              <subfield code="a">This poll, fielded February 6-9, 2000, is part of an ongoing series of monthly surveys that solicit public opinion on the presidency and on a range of other political and social issues. Respondents were asked to give their opinions of President Bill Clinton and his handling of the presidency, foreign policy, and the economy, as well as their views on the 2000 presidential election. Other survey questions elicited opinions on government representation at the national and local levels, what the single most important problem for the government was, and whether respondents would vote for a Democrat or a Republican if voting for a House Representative today. Respondents were asked if they had favorable or unfavorable opinions of Texas governor George Bush, former New Jersey senator Bill Bradley, Arizona senator John McCain, publisher Steve Forbes, conservative commentator Pat Buchanan, and talk show host Alan Keyes. Other questions asked if respondents were following the presidential campaign, if they would vote Democratic or Republican if they were voting today, if they would be voting in a caucus, whom they would vote for and if that was their final decision, and out of various possible Democrat/Republican pairings, which of the two they would vote for in a presidential election (e.g., McCain vs. Gore, Bush vs. Bradley, etc.). Another focus of this poll was race relations and the role of national and local government in addressing this issue. Questions probed respondents' knowledge of American Black history and to what degree public schools teach Black history, who the most important Black role model was, whether computers and the Internet would improve opportunities for Blacks, and whether respondents viewed the following organizations and persons favorably: the National Association for the Advancement of Colored People (NAACP), the Nation of Islam, General Colin Powell, Jesse Jackson, and Nation of Islam leader Louis Farrakhan. Respondents were asked whether America was ready for a Black president, whether they would vote for a party-nominated Black presidential candidate, which political party was more likely to try to fix race relations, what they thought about South Carolina's flying the Confederate flag, and whether the presidential candidates should express their opinions on this issue. Questions were asked regarding race equality, race relations in the respondent's community, how respondents viewed the existence and persistence of racial discrimination, whether it could be cured, and how important this issue was to the future of the United States. Respondents were asked additional questions concerning race relations, including whether the government should try to improve race relations, whether it was paying the appropriate amount of attention to the needs of minorities, and if the criminal justice system was racially biased. Further questions addressed attitudes and behaviors of the police toward individuals and minorities, including the use of inappropriate language, respectful behavior, and "racial profiling," and if police were considered friends or enemies. Regarding personal experiences with racism and perceptions of its relevance in society, respondents were asked how many Black people they worked with, how many lived in their neighborhoods, attended local public schools, and shopped at their stores, whether respondents made a point to patronize minority-owned businesses, how respondents perceived the number of white people who disliked Blacks and vice versa, and if the respondent had ever felt discriminated against and why. In regard to racism in the workplace, questions were asked to gauge respondents' opinions of affirmative action, personal experience with discrimination on the job or in trying to obtain a job, and whether successful Blacks had a duty to help other Blacks. Respondents were also asked if there were adequate numbers of Blacks employed as teachers, professional sports players, businesspersons who owned large companies, medical doctors, and coaches and team executives. Also asked were questions about opportunities to succeed in today's world as compared to the respondents' parents' generation and future generations. A set of questions was asked to assess perceptions of the poor in America, including whether respondents believed being poor was the result of a lack of effort or circumstances, if it was still possible in America to start from humble beginnings and become wealthy, and if Blacks or whites were more likely to be poor. General questions focused on whether respondents had access to a computer, the Internet, or email, if they voted in the 1996 presidential election and, if so, for whom they voted, whether the respondent did volunteer work in the last year, whether there were children in the respondent's household under the age of 18 or between the ages of 12 and 18, and if any of the children were a part of the class of 2000. Background information on respondents includes voter registration status, employment status, marital status, party affiliation, self-placement on the liberal-conservative continuum, religious preference and frequency of attendance, military service, education, age, Hispanic descent, income, and whether there was another phone line in their house.Cf: http://doi.org/10.3886/ICPSR02924.v1</subfield>
            </datafield>
            <datafield tag="505" ind1=" " ind2=" ">
              <subfield code="t">Dataset</subfield>
            </datafield>
            <datafield tag="653" ind1="0" ind2=" ">
              <subfield code="a">ICPSR XIV.C.1. Mass Political Behavior and Attitudes, Public Opinion on Political Matters, United States</subfield>
            </datafield>
            <datafield tag="710" ind1="2" ind2=" ">
              <subfield code="a">CBS News</subfield>
            </datafield>
            <datafield tag="710" ind1="2" ind2=" ">
              <subfield code="a">Inter-university Consortium for Political and Social Research.</subfield>
            </datafield>
            <datafield tag="830" ind1=" " ind2="0">
              <subfield code="a">ICPSR (Series)</subfield>
              <subfield code="v">2924</subfield>
            </datafield>
            <datafield tag="856" ind1="4" ind2="0">
              <subfield code="z">Access restricted ; authentication may be required:</subfield>
              <subfield code="u">http://doi.org/10.3886/ICPSR02924.v1</subfield>
            </datafield>
          </record>
        </collection>
      </metadata>
    </record>