
    <record>
      <header>
        <identifier>2926</identifier>
        <datestamp>2009-07-28T01:01:01Z</datestamp>
      </header>
      <metadata>
        <collection xmlns="http://www.loc.gov/MARC21/slim" xsi:schemaLocation="http://www.loc.gov/MARC21/slim https://www.loc.gov/standards/marcxml/schema/MARC21slim.xsd">
          <record>
            <leader>cmm 22 4500</leader>
            <controlfield tag="001">ICPSR02926</controlfield>
            <controlfield tag="003">MiAaI</controlfield>
            <controlfield tag="006">m f a u</controlfield>
            <controlfield tag="007">cr mn mmmmuuuu</controlfield>
            <controlfield tag="008">190117s2000 miu f a eng d</controlfield>
            <datafield tag="035" ind1=" " ind2=" ">
              <subfield code="a">(MiAaI)ICPSR02926</subfield>
            </datafield>
            <datafield tag="040" ind1=" " ind2=" ">
              <subfield code="a">MiAaI</subfield>
              <subfield code="c">MiAaI</subfield>
            </datafield>
            <datafield tag="245" ind1="0" ind2="0">
              <subfield code="a">CBS News/New York Times New York State Poll #1, February 2000</subfield>
              <subfield code="h">[electronic resource]</subfield>
              <subfield code="c">CBS News, The New York Times</subfield>
            </datafield>
            <datafield tag="250" ind1=" " ind2=" ">
              <subfield code="a">2009-07-28</subfield>
            </datafield>
            <datafield tag="260" ind1=" " ind2=" ">
              <subfield code="a">Ann Arbor, Mich.</subfield>
              <subfield code="b">Inter-university Consortium for Political and Social Research [distributor]</subfield>
              <subfield code="c">2000</subfield>
            </datafield>
            <datafield tag="490" ind1=" " ind2=" ">
              <subfield code="a">ICPSR</subfield>
              <subfield code="v">2926</subfield>
            </datafield>
            <datafield tag="490" ind1=" " ind2=" ">
              <subfield code="a">CBS News/New York Times Poll Series</subfield>
            </datafield>
            <datafield tag="516" ind1=" " ind2=" ">
              <subfield code="a">Numeric</subfield>
            </datafield>
            <datafield tag="538" ind1=" " ind2=" ">
              <subfield code="a">Mode of access: Intranet.</subfield>
            </datafield>
            <datafield tag="500" ind1=" " ind2=" ">
              <subfield code="a">Title from ICPSR DDI metadata of 2019-01-17.</subfield>
            </datafield>
            <datafield tag="506" ind1=" " ind2=" ">
              <subfield code="a">AVAILABLE. This study is freely available to the general public.</subfield>
            </datafield>
            <datafield tag="530" ind1=" " ind2=" ">
              <subfield code="a">Also available as downloadable files.</subfield>
            </datafield>
            <datafield tag="520" ind1="3" ind2=" ">
              <subfield code="a">This special topic poll, fielded February 16-22, 2000, is part of a continuing series of monthly surveys that solicit public opinion on the presidency and a range of other political and social issues. The focus of this data collection was on the upcoming presidential and New York State senatorial campaigns. Residents of New York State were asked to give their opinions of President Bill Clinton, New York governor George Pataki, Vice President Al Gore, Texas governor George W. Bush, former New Jersey senator Bill Bradley, Arizona senator John McCain, First Lady Hillary Rodham Clinton, New York City mayor Rudolph Giuliani, and civil rights activist Al Sharpton. Respondents were then asked a series of questions on a hypothetical senatorial contest between Democrat Hillary Rodham Clinton and Republican Rudolph Giuliani. Respondents were queried as to whether they were paying attention to the upcoming race, whether they were likely to vote and, if so, which candidate they were leaning toward, or if they preferred another candidate to run. Respondents were asked to compare Clinton and Giuliani in terms of whether they cared about the needs and problems of people like them, would represent their interests, would be better at reforming the health care system, would improve education and reduce crime, would get along with other members of the Senate, would protect access to legal abortions, had the right kind of experience, honesty, and integrity, and would vote as respondents would like on potential Supreme Court nominations. Respondents were asked to assess Rudolph Giuliani's job as mayor, including his handling of crime, education, race relations, and economic development, and Hillary Rodham Clinton's role as First Lady, and whether she could represent New York State effectively without having lived in New York State for very long. Regarding the presidential election, respondents were asked if they were paying attention to the campaign, whether they were registered with a party, whether they intended to vote in the upcoming New York State primary and, if so, for whom. Respondents were also queried regarding whether they believed campaign contributions influenced candidates, and whether contributions affected the honesty and trust of candidates. On a separate matter, respondents with school-aged children were asked whether they felt comfortable in letting their children engage in various activities without an accompanying adult, such as riding the subway, going outside after dark, crossing the street or going to a nearby store, sleeping over at another child's house, or going to a movie with friends. Parents were also asked whether their children traveled to school by themselves, dated, and had a recognized curfew hour. Other questions asked of respondents covered preferred uses of a projected federal budget surplus, views on access to abortion services, and the posting of the Ten Commandments in public schools. Background information on respondents includes age, sex, race, education, religion, voter registration and participation history, political party, political orientation, Hispanic descent, marital status, age of children in household, and family income.Cf: http://doi.org/10.3886/ICPSR02926.v3</subfield>
            </datafield>
            <datafield tag="505" ind1=" " ind2=" ">
              <subfield code="t">Dataset</subfield>
            </datafield>
            <datafield tag="653" ind1="0" ind2=" ">
              <subfield code="a">ICPSR XIV.C.1. Mass Political Behavior and Attitudes, Public Opinion on Political Matters, United States</subfield>
            </datafield>
            <datafield tag="710" ind1="2" ind2=" ">
              <subfield code="a">CBS News</subfield>
            </datafield>
            <datafield tag="710" ind1="2" ind2=" ">
              <subfield code="a">The New York Times</subfield>
            </datafield>
            <datafield tag="710" ind1="2" ind2=" ">
              <subfield code="a">Inter-university Consortium for Political and Social Research.</subfield>
            </datafield>
            <datafield tag="830" ind1=" " ind2="0">
              <subfield code="a">ICPSR (Series)</subfield>
              <subfield code="v">2926</subfield>
            </datafield>
            <datafield tag="856" ind1="4" ind2="0">
              <subfield code="z">Access restricted ; authentication may be required:</subfield>
              <subfield code="u">http://doi.org/10.3886/ICPSR02926.v3</subfield>
            </datafield>
          </record>
        </collection>
      </metadata>
    </record>